2443 3259
74 265 164 320 (82)
199 270 245 305 et
281 262 638 316 quemadmodum
675 261 847 314 Appius
886 261 1087 302 Claudius
1124 267 1320 314 praetor,
1360 273 1455 301 cum
1488 260 1648 301 cotidie
1672 211 1960 313 gladiatores
1961 272 2035 304 nu

78 332 249 371 tabulas
277 330 543 381 subrepserit
571 336 616 368 et
643 329 787 367 subito
818 329 1051 374 emerserit,
1081 335 1129 367 ut
1158 328 1413 367 latebrosior
1441 328 1511 366 illa
1539 328 1610 367 via
1637 327 1785 378 Appia
1806 328 1905 367 -iam
1926 322 2175 379 νοόκῴιξ

76 397 265 447 denique
299 410 312 434 1
327 409 375 435 10
404 394 585 435 Gellium
612 394 878 445 Poplicolam
907 395 1123 434 describit.
1182 393 1399 433 Vatinium
1432 393 1690 442 „hominem‚
1728 399 1775 432 ut
1804 391 1973 433 Seneca
2005 392 2160 441 dicit
2182 418 2205 438 ι,
2238 417 2248 425 ·

79 469 124 503 et
160 462 218 502 ad
254 462 385 502 risum
423 467 468 501 et
500 462 557 500 ad
595 460 779 507 odium“,
817 473 904 500 non
943 461 1079 499 solum
1117 461 1159 499 in
1198 459 1397 500 Sestiana
1441 471 1512 508 135
1552 464 1732 510 propter
1770 459 1964 510 corporis
2001 451 2321 514 deformitfi'teq
2375 484 2434 516 ³.-.

78 535 124 569 et
151 535 358 568 strumam
385 528 546 574 irridet,
577 541 673 567 cum
702 540 798 567 eum
831 529 1141 579 „gladiatorum
1171 539 1342 567 suorum
1371 527 1510 577 ipsum
1539 526 1866 577 pulcherrimum
1893 525 2054 565 fuisse“
2077 531 2123 566 et
2148 530 2345 578 pestem.
2378 517 2410 563 ,²
2433 527 2438 531 '

77 595 263 646 aliquam
292 600 498 645 tanquam
528 600 733 632 strumam
762 595 1021 644 reipublicae
1051 595 1337 632 exsecandam
1366 590 2373 637 dicit,

278 662 355 700 sed
385 662 514 700 etiam
548 661 591 699 in
620 660 720 700 Vat.
754 674 777 707 4
817 674 911 699 cum
951 666 1152 710 serpente
1190 665 1411 709 comparat
1449 656 1598 698 inflato
1638 657 1766 704 eollo,
1806 658 1979 698 tumidis
2017 657 2256 700 cervicibus
2288 666 2318 700 e
2340 696 2343 698 .
2364 675 2372 683 ²

78 726 265 776 latibulis
294 731 623 777 prorumpente;
664 726 793 765 etiam
831 739 875 764 10
909 726 1015 772 „ista
1045 738 1155 776 quae
1184 723 1332 763 inflata
1361 731 1459 763 sunt
1488 726 1763 775 rumpantur“
1796 724 2046 764 scholiastes
2073 724 2128 764 de
2159 725 2318 779 „cervi—
2356 762 2369 766 ,Δ
2398 737 2443 770 220⁴

79 794 200 832 cibus
244 804 356 842 quae
399 792 669 830 immodicum
713 791 870 829 fuerint
913 793 1212 841 corpulentae·
1270 793 1594 840 interpretatur,
1648 792 1831 839 denique
1881 804 1930 839 39
1978 792 2074 829 ioco
2122 792 2317 840 quamvis
2359 825 2361 828 Α
2395 779 2443 846 Ξ

76 858 237 909 frigido
265 864 355 896 tam
383 858 565 895 invisum
595 870 690 895 esse
721 858 835 901 dicit,
867 866 913 895 ut
946 864 1157 903 „strumae
1186 859 1242 894 ab
1272 870 1345 894 ore
1375 858 1572 906 improbo
1602 857 1936 906 demigraverint
1964 863 2008 895 et
2037 856 2129 896 aliis
2158 857 2242 895 iam
2270 869 2318 895 se
2378 862 2382 864 ’
2431 847 2439 865 ⁴

78 923 184 964 locis
213 922 557 963 collocaverint“.

277 989 327 1027 In
355 1001 416 1026 or.
447 1000 489 1038 p.
513 987 626 1026 Cael.
657 988 975 1026 adolescentem
1004 988 1127 1033 illum,
1164 1000 1290 1037 quem
1319 994 1545 1026 accusator
1574 988 1828 1038 pulchellum
1848 988 2049 1037 Jasonem
2074 989 2318 1039 appellave·
2365 979 2368 983 ’

77 1064 159 1103 rat,
189 1056 477 1106 conqueritur,
509 1055 624 1104 quod
654 1055 909 1105 migratione
939 1056 994 1092 ad
1014 1055 1223 1092 Palatium
1253 1055 1415 1093 vicinus
1444 1063 1575 1104 atque
1602 1055 1762 1093 amicus
1783 1053 1970 1099 Clodiae,
2001 1053 2183 1093 Medeae
2211 1054 2318 1094 illius

77 1124 318 1169 Palatinae,
357 1122 498 1162 factus
529 1122 606 1166 sit,
646 1122 843 1160 versibus
874 1134 931 1160 ex
960 1121 1116 1160 Medea
1147 1121 1340 1160 Enniana
1369 1121 1517 1161 allatis.
1577 1121 1768 1160 Eandem
1799 1120 1989 1160 Clodiam
2019 1126 2067 1159 ut
2105 1120 2316 1173 obiurget,

77 1190 262 1240 aliquem
301 1189 357 1225 ab
396 1187 542 1225 inferis
582 1187 746 1224 excitat
785 1199 841 1223 ex
879 1187 1072 1223 barbatis
1102 1187 1179 1223 illis
1212 1200 1320 1229 ..non
1349 1188 1429 1224 hac
1459 1187 1658 1230 barbula,
1699 1199 1785 1235 qua
1822 1187 1906 1224 ista
1944 1187 2202 1232 delectatur,
2239 1188 2319 1225 sed

75 1256 146 1294 illa
173 1254 366 1299 horrida,
402 1266 530 1303 quam
564 1253 606 1291 in
636 1253 790 1291 statuis
820 1252 1006 1301 antiquis
1037 1258 1167 1302 atque
1196 1253 1451 1303 imaginibus
1481 1253 1712 1297 videmus“,
1744 1252 1930 1291 Caecum
1958 1252 2071 1291 illum
2100 1264 2157 1292 ex
2185 1252 2319 1303 ipsius

76 1321 247 1367 familia,
278 1320 350 1371 qui
382 1320 621 1369 „minimum
652 1319 840 1357 dolorem
871 1318 1027 1368 capiat,
1059 1319 1173 1368 quod
1204 1318 1329 1356 istam
1351 1318 1540 1357 Clodiam
1570 1331 1655 1356 non
1684 1318 1854 1357 videat“
1884 1319 1977 1368 (33),
2008 1324 2098 1356 tum
2125 1324 2319 1357 removet

75 1387 190 1425 illum
219 1398 365 1424 senem
395 1386 543 1423 durum
574 1397 624 1422 ac
655 1396 793 1434 paene
824 1391 1053 1434 agrestem,
1084 1391 1127 1422 et
1157 1384 1333 1421 fratrem
1364 1385 1466 1422 facit
1496 1386 1677 1434 colloqui
1708 1397 1802 1422 cum
1832 1397 1895 1429 ea,
1926 1397 1979 1422 ne
2000 1385 2157 1429 Caelio,
2187 1397 2214 1422 a
2232 1397 2318 1434 quo

76 1458 317 1504 respuatur,
349 1451 529 1489 molesta
557 1451 625 1489 sit.
685 1450 872 1502 Caelium
903 1450 1086 1499 denique
1116 1451 1156 1488 in
1179 1450 1405 1488 Caeciliani
1435 1451 1610 1489 alicuius
1639 1451 1775 1501 patris
1804 1463 1991 1501 persona
2009 1451 2204 1501 increpat
2223 1451 2317 1501 (37).

76 1519 236 1558 Narrat
274 1518 423 1562 etiam‚
464 1517 822 1566 quemadmodum
853 1515 1194 1565 Quadrantariae
1228 1516 1350 1554 istius
1386 1517 1571 1556 mulieris
1608 1517 1730 1556 amici
1760 1518 1816 1556 ad
1845 1516 2052 1556 Licinium
2081 1517 2319 1569 deprehen·

77 1585 263 1623 dendum
301 1584 342 1622 in
382 1583 545 1621 balneis
586 1582 851 1625 delituerint,
892 1589 935 1619 et
976 1582 1143 1630 quaerit
1185 1582 1411 1629 „alveusne
1450 1583 1516 1620 ille
1554 1595 1608 1620 an
1648 1595 1784 1632 equus
1817 1582 2027 1632 Trojanus
2065 1582 2206 1629 fuerit,
2245 1584 2319 1633 qui

76 1656 143 1690 tot
171 1650 341 1689 invidos
370 1649 485 1687 viros
515 1648 720 1686 muliebre
750 1648 904 1686 bellum
933 1654 1136 1698 gerentes
1165 1648 1308 1686 tulerit
1340 1655 1383 1686 et
1407 1650 1590 1687 texerit‘·
1607 1679 1615 1694 ,
1656 1662 1836 1700 cumque
1865 1650 2051 1687 Licinius
2089 1649 2132 1687 in
2170 1649 2317 1701 fugam

24 1748 35 1754 ,
77 1728 125 1755 se
154 1715 420 1759 coniecisset,
450 1714 564 1752 mimi
593 1714 707 1751 illum
737 1714 900 1752 exitum
929 1713 1061 1750 fuisse
1091 1713 1204 1758 dicit,
1235 1726 1321 1751 non
1350 1714 1531 1752 fabulae.

275 1781 324 1818 In
353 1781 583 1817 Planciana
616 1792 662 1827 75
695 1786 741 1816 ut
771 1780 927 1816 doceat
957 1792 1020 1822 ea,
1052 1792 1162 1827 quae
1192 1780 1234 1816 in
1264 1780 1492 1828 provinciis
1522 1780 1646 1825 fiant,
1683 1782 1758 1818 vix
1787 1782 1956 1819 Romae
1985 1782 2142 1826 audiri,
2172 1788 2318 1820 narrat

77 1861 125 1886 se
162 1841 358 1886 Puteolis‘
392 1858 531 1896 paene
570 1846 827 1889 concidisse,
867 1858 961 1883 cum
1000 1845 1214 1882 decedens
1253 1846 1475 1894 provincia
1512 1846 1804 1896 interrogatus
1843 1854 1979 1892 esset,
2019 1859 2118 1885 num
2148 1846 2317 1886 Romae
2430 1866 2443 1888 ,»

76 1912 279 1964 quidnam
307 1911 409 1951 novi
439 1917 576 1957 esset,
617 1917 660 1950 et
691 1913 740 1960 83
772 1911 912 1962 lepide
941 1923 1014 1956 ea,
1055 1922 1165 1960 quae
1201 1912 1257 1949 ab
1287 1917 1538 1950 accusatore
1567 1912 1610 1951 in
1639 1913 1988 1952 consuetudinem
2017 1912 2317 1954 miserabilium

76 1979 345 2031 epilogorum
375 1989 496 2016 suam
525 1983 735 2028 congesta
765 1978 861 2023 sint,
892 1977 1065 2016 refutat.

275 2044 508 2083 Miloniana
537 2044 638 2082 nihil
668 2044 801 2082 iocosi
830 2045 975 2088 habet,
1006 2045 1087 2082 nisi
1117 2045 1232 2093 quod
1264 2047 1326 2083 60.
1358 2053 1513 2090 narrat,
1545 2047 1680 2095 qualis
1710 2059 1931 2085 servorum
1960 2047 2156 2096 quaestio
2186 2045 2318 2086 fuisse

76 2112 292 2152 credenda
322 2111 388 2157 sit,
420 2116 464 2150 et
495 2124 558 2159 33.
618 2108 801 2149 Sextum
828 2109 1019 2149 Clodium
1050 2109 1265 2149 librarium
1296 2110 1436 2161 legum
1467 2124 1522 2150 ex
1553 2113 1681 2151 turba
1710 2119 1919 2152 nocturna
1948 2118 2153 2164 tanquam
2182 2112 2318 2154 Paua-

76 2179 192 2218 dium
225 2178 432 2217 extulisse
466 2177 570 2215 dicit
608 2183 652 2215 et
689 2178 849 2216 ibidem
888 2184 1026 2216 totum
1065 2190 1112 2216 se
1151 2178 1294 2216 dicere
1324 2179 1481 2217 audere
1510 2186 1659 2229 negat:
1694 2186 1865 2227 „movet
1893 2192 1961 2218 me
1990 2181 2151 2231 quippe
2179 2180 2317 2218 lumen

76 2245 260 2284 curiae“.

274 2309 323 2347 In
352 2309 601 2360 Philippicis
637 2321 693 2347 ex
727 2310 807 2347 hoc
833 2309 1085 2348 facetiarum
1115 2322 1275 2360 genere
1305 2323 1389 2348 non
1419 2312 1548 2349 multa
1577 2312 1860 2356 inveniuntur,
1891 2312 1970 2350 nisi
1999 2313 2081 2349 huc
2110 2311 2245 2350 refers
2273 2312 2317 2349 in

75 2376 128 2414 Π.
161 2388 225 2424 77.
284 2375 463 2413 Antonii
501 2373 719 2413 redeuntis
758 2388 815 2413 ex
855 2374 991 2413 Gallia
1030 2376 1213 2413 reditum
1254 2378 1309 2413 ad
1348 2377 1562 2415 mulierem
1602 2384 1645 2415 et
1682 2379 1724 2415 in
1763 2378 1841 2416 XI.
1889 2392 1947 2425 13.
1987 2378 2318 2427 descriptionem

76 2440 311 2486 sociorum,
352 2440 468 2479 velut
497 2440 544 2479 P.
576 2440 719 2485 Decii,
761 2440 833 2490 qui
872 2440 1078 2490 majorum
1109 2441 1308 2491 exempla
1338 2453 1599 2491 persequens
1629 2454 1708 2492 pro
1738 2442 1876 2481 alieno
1906 2454 1953 2481 se
1988 2454 2088 2481 aere
2127 2440 2316 2492 devovit,

76 2518 135 2545 ex
173 2506 329 2556 quibus
368 2506 496 2543 sociis
534 2506 756 2543 nonnullos
804 2506 932 2543 etiam
972 2506 1092 2543 XIII.
1142 2510 1203 2544 26.
1245 2507 1421 2555 joculari
1466 2509 1720 2557 cognomine
1763 2515 1837 2546 aut
1880 2509 2135 2546 contumelia
2177 2508 2318 2556 aliqua

76 2572 290 2622 designat,
320 2578 367 2610 ut
396 2570 588 2609 Bestiam
617 2584 819 2622 corycum
848 2572 1027 2610 laterum
1057 2578 1101 2610 et
1132 2573 1249 2610 vocis
1280 2584 1383 2610 suae
1413 2573 1613 2623 appellat.

274 2636 322 2676 In
351 2637 432 2675 hoc
462 2648 622 2688 genere
651 2637 939 2675 numerandae
969 2643 1068 2675 sunt
1107 2637 1235 2676 etiam
1273 2636 1476 2684 fabellae,
1516 2651 1627 2688 quae
1665 2639 1851 2678 insertae
1892 2645 1991 2678 sunt
2030 2637 2316 2677 orationibus:

274 2715 316 2754 p.
347 2702 480 2741 Arch.
511 2703 565 2741 de
593 2703 704 2741 malo
734 2710 884 2753 poeta,
925 2705 991 2741 cui
1021 2702 1136 2742 Sulla
1166 2704 1398 2754 praemium
1428 2706 1555 2743 tribui
1583 2706 1708 2755 jussit
1738 2719 1790 2744 ea
1819 2706 2084 2749 conditione,
2123 2716 2177 2742 ne
2215 2702 2318 2753 quid

74 2775 231 2821 postea
261 2769 481 2813 scriberet,

274 2848 355 2886 pro
384 2835 490 2885 Imp.
522 2835 596 2874 Cn.
627 2836 777 2886 Pomp.
816 2837 870 2874 de
910 2837 956 2874 L.
992 2836 1210 2886 Philippo,
1251 2838 1323 2886 qui
1361 2838 1609 2888 Pompeium
1648 2852 1733 2878 non
1772 2853 1851 2889 pro
1891 2838 2084 2883 consule,
2124 2836 2201 2875 sed
2238 2846 2317 2885 pro
2383 2843 2389 2847 ·
2419 2836 2439 2858 2

75 2901 321 2941 consulibus
350 2901 407 2940 ad
435 2901 589 2940 bellum
618 2902 729 2940 mitti
758 2903 891 2941 voluit
922 2902 973 2941 cf.
1006 2903 1111 2941 Phil.
1142 2902 1221 2942 XI.
1260 2905 1332 2949 18.,

275 2979 356 3018 pro
386 2966 548 3005 Cluent.
579 2969 634 3006 de
663 2968 710 3006 L.
742 2968 886 3006 Crassi
916 2969 1170 3006 recitatione
1199 2970 1410 3007 initiorum
1446 2971 1667 3016 librorum,
1709 2984 1818 3021 quos
1848 2970 1906 3008 M.
1937 2971 2097 3008 Brutus
2136 2969 2190 3006 de
2227 2968 2327 3005 iure*

76 3033 188 3073 civili
217 3032 387 3082 reliquit
417 3032 483 3082 (cf.
514 3034 569 3072 de
598 3046 657 3073 or.
688 3034 739 3072 II.
776 3047 821 3072 22
829 3036 879 3084 3),

2332 2965 2443 2997 «π

2432 3001 2443 3011 71

2369 3194 2374 3199 ’
2436 3194 2443 3206 1⁴
