2443 3259
1084 140 1354 180 „14-

96 272 368 325 appellativis
397 278 705 324 permutentur,
737 273 854 323 quod
882 274 967 312 iarn
996 285 1126 324 supra
1155 273 1209 311 de
1237 272 1385 311 Verris
1415 273 1575 320 (verres
1596 289 1647 304 =
1670 272 1755 320 sus)
1784 272 1955 311 nomine
1993 266 2380 331 commemoravit*

97 338 215 390 Quas
244 339 604 390 permutationes,
636 351 882 389 quanquam
912 340 1041 379 etiam
1066 339 1109 378 in
1139 339 1340 390 ambigue
1360 338 1484 377 dictis
1504 349 1728 376 numerare
1748 338 1876 383 licuit,
1905 338 2103 378 hocloco
2122 334 2381 395 congessi

294 428 336 467 p.
377 415 541 455 Cluent.
586 429 648 466 71.
698 416 912 467 (Stajenus
952 417 1112 455 iudices
1151 428 1423 466 corrumpere
1462 422 1662 460 conatur,
1703 415 1866 454 initium
1904 415 2068 455 faciens
2104 429 2133 455 a
2169 411 2357 470 Bulbo.)-

99 482 323 530 „conditor
357 482 491 520 totius
530 483 694 532 negotii
735 482 913 521 Guttam
953 484 1147 532 (guttam)
1184 482 1407 532 adspergit
1445 482 1542 519 huic
1581 481 1719 519 Bulbo
1759 482 1929 530 (bulbo).
1987 482 2139 532 Itaque
2165 483 2337 524 minime

96 560 267 587 amarus
305 548 357 587 iis
397 548 515 587 visus
556 540 644 593 est,
685 549 757 598 qui
796 549 955 598 aliquid
995 561 1051 587 ex
1093 549 1181 587 eius
1212 560 1406 587 sermone
1436 547 1635 597 speculae
1665 547 1985 598 degustarant“.
2043 548 2266 589 Drumann
2293 542 2338 590 et

96 612 228 651 Klotz
258 613 387 652 etiam
417 614 616 652 conditor
645 620 689 651 et
718 614 849 651 Klotz
882 626 985 663 „spe
1013 614 1164 664 gulae-⁴
1198 613 1332 651 audiri
1362 614 1554 662 potuisse
1594 614 1834 658 existimat,
1874 615 1990 662 quod
2027 615 2128 653 mihi
2166 615 2338 654 nimium

98 678 280 717 videtur.
349 678 445 729 Quo
484 678 648 717 facilius
690 680 917 717 verborum
958 680 1217 729 ambiguitas
1256 678 1536 728 intelligatur,
1578 678 1815 717 Drumanni
1855 677 1921 727 (G.
1961 679 2017 718 R.
2049 679 2122 718 VI.
2162 693 2204 731 p.
2244 670 2337 731 60'3)

96 745 498 797 interpretationem
527 746 734 796 adiungo:
767 744 979 796 Stajenus,
1012 746 1079 784 ein
1100 745 1281 784 Richter
1311 745 1366 783 im
1388 745 1597 783 Processe
1618 745 1693 783 des
1715 743 1990 796 Oppianicus,
2021 745 2144 785 sollte
2164 746 2338 786 Andere

97 812 356 855 bestechen3
396 812 477 849 wie
517 824 563 850 er
601 812 748 850 immer
785 813 861 849 das
892 812 1041 850 Letzte
1070 818 1211 850 zuerst
1241 813 1355 855 that,
1396 812 1565 849 machte
1595 824 1640 849 er
1670 812 1753 850 den
1781 811 1960 862 Anfang
1988 812 2065 851 mit
2094 812 2255 851 Bulbus
2284 834 2337 842 --

98 877 175 916 mit
205 878 282 916 der
312 877 506 922 Zwiebel,
539 878 608 915 die
637 890 704 915 am
726 877 881 916 Tische
913 878 1059 927 spater
1089 876 1198 927 folgt
1237 900 1276 903 —
1310 878 1396 914 und
1426 889 1483 921 er,
1515 889 1601 914 von
1632 878 1784 915 dessen
1806 877 1934 915 Hand
1956 877 2075 916 Alles
2105 878 2339 917 zubereitet

97 943 256 987 wurde,
287 965 341 970 —
371 944 568 980 conditor
600 966 648 968 —-
681 942 956 981 befeuchtete
987 943 1148 980 Bulbus
1179 943 1253 979 mit
1284 941 1419 980 Gutta
1448 965 1500 970 —
1531 943 1667 980 einem
1696 942 1887 991 Tropfen
1919 965 1964 970 —-
1999 944 2207 988 dadurch,
2237 944 2339 982 dass

99 1020 146 1046 er
173 1009 283 1046 auch
313 1009 475 1046 diesem
507 1007 616 1046 Geld
646 1009 893 1058 versprach.

297 1098 339 1135 p.
370 1084 483 1124 Sest.
523 1097 608 1133 135.
654 1085 866 1133 (Vatinius
897 1085 1171 1123 simulaverat
1201 1098 1247 1122 se
1277 1084 1505 1122 bestiarios
1536 1084 1679 1134 potius
1708 1086 1869 1123 habere
1899 1097 2026 1134 quam
2055 1085 2338 1135 gladiatore53

98 1164 228 1190 unum
265 1152 549 1203 gladiatorem
589 1150 897 1196 confitebatur,
940 1152 1005 1190 cui
1041 1164 1195 1189 nomen
1227 1151 1359 1189 Leoni
1390 1150 1494 1200 fuit.)
1553 1151 1778 1189 Praeclara
1807 1151 2022 1189 aedilitas!
2083 1149 2202 1189 Unus
2231 1151 2339 1189 Leo

98 1218 207 1268 (leo),
239 1217 411 1257 ducenti
441 1217 645 1256 bestiarii.

297 1295 340 1334 in
369 1295 453 1334 Pis.
485 1298 549 1344 67.
581 1295 653 1333 ubi
683 1295 820 1346 galli
851 1302 1022 1334 cantum
1052 1295 1239 1338 audivit,
1277 1308 1403 1332 avum
1434 1307 1555 1332 suurn
1586 1295 1797 1333 revixisse
1826 1301 1962 1345 putat.
2022 1294 2204 1343 (Pisonis
2233 1307 2340 1332 avus

100 1362 213 1400 enim
243 1359 391 1399 Gallus
420 1360 562 1399 fuerat
592 1367 635 1398 et
665 1373 823 1411 praeco
855 1360 1112 1409 Mediolani.)

298 1450 340 1488 p.
370 1437 513 1476 Plane.
546 1439 610 1486 85.
641 1436 966 1475 admonefecisti
997 1438 1136 1482 etiarn,
1169 1438 1285 1487 quod
1314 1438 1363 1475 in
1389 1437 1553 1476 Creta
1584 1437 1638 1484 (in
1669 1443 1787 1476 creta
1807 1456 1857 1470 =
1880 1437 2148 1486 candidatus)
2174 1436 2339 1482 fuisses,

100 1504 261 1542 dictum
290 1504 462 1552 aliquod
495 1527 542 1531 —
577 1504 658 1541 dici
688 1499 895 1552 pot‘uisse,
927 1517 994 1541 me
1023 1505 1065 1542 id
1096 1504 1345 1553 perdidisse.

298 1592 340 1630 p.
381 1578 527 1618 Scaur.
571 1582 606 1617 6.
647 1585 818 1617 constat
857 1580 968 1617 illam
1008 1581 1148 1629 (quam
1187 1579 1373 1618 Scaurus
1413 1593 1580 1618 amasse
1619 1581 1896 1630 arguebatur)
1936 1593 2029 1618 cum
2068 1579 2341 1619 deformitate
2401 1628 2414 1636 ,-

99 1658 265 1683 summa
304 1645 458 1690 fuisse,
498 1652 586 1683 tam
626 1652 861 1683 senectute.
921 1645 1063 1694 Quare
1094 1659 1204 1695 quae
1234 1653 1401 1695 potest,
1434 1646 1628 1695 quamvis
1659 1646 1771 1684 salsa
1799 1646 1883 1684 ista
1913 1644 2051 1684 Sarda
2080 1646 2230 1690 fuerit,
2260 1645 2342 1683 ulla

99 1711 286 1750 libidinis
325 1717 400 1750 aut
438 1711 595 1749 amoris
635 1723 730 1749 esse
769 1712 983 1761 suspicio?
1042 1710 1194 1761 (Sarda
1233 1717 1300 1750 est
1339 1718 1382 1750 et
1410 1711 1593 1749 mulieris
1624 1724 1648 1749 e
1678 1710 1875 1750 Sardinia
1905 1712 2110 1750 oriundae
2139 1717 2183 1750 et
2212 1710 2342 1762 piscis

101 1777 411 1816 salsamentarii
441 1778 624 1826 nomen.)

298 1855 404 1893 Phil.
434 1854 486 1893 II.
519 1857 583 1892 62.
615 1855 809 1899 accessit,
842 1862 887 1893 ut
918 1885 926 1893 .
960 1886 967 1893 .
1001 1886 1008 1894 .
1040 1856 1247 1906 magister
1277 1857 1465 1907 equitum
1496 1856 1838 1895 constitueretur.
1884 1863 1974 1895 tum
2004 1855 2267 1895 existimavit
2295 1866 2342 1893 se

101 1932 180 1959 suo
210 1921 301 1958 iure
332 1933 426 1958 curn
456 1920 665 1971 Hippia
695 1918 930 1971 (ἵππαρχος)
962 1922 1121 1960 vivere.

299 1986 399 2024 XII.
435 1999 496 2024 20.
537 1999 666 2036 quum
702 1987 870 2035 aquilae
900 1988 1024 2036 primi
1054 1988 1126 2037 pili
1157 2001 1350 2026 nummos
1381 2001 1534 2027 aureos
1572 1989 1715 2033 daret,
1756 1989 1809 2026 de
1848 1989 1952 2026 meis
1992 1988 2116 2027 bonis
2156 2000 2202 2026 se
2240 1987 2343 2025 dare

101 2053 232 2097 dixit;
273 2053 308 2090 si
338 2052 449 2090 enim
480 2053 534 2090 de
563 2053 651 2090 suis
683 2053 885 2097 dixisset,
926 2067 980 2091 ne
1009 2054 1193 2103 aquilam
1224 2055 1394 2104 quidem
1423 2055 1559 2104 ipsam
1590 2054 1846 2092 credituram
1876 2054 2057 2104 putavit.
2118 2051 2343 2102 (Graevius

102 2117 273 2168 quidem
312 2116 562 2157 Ciceronem
599 2118 744 2156 ludere
782 2125 907 2169 putat
946 2119 987 2157 in
1026 2120 1229 2170 ambigua
1268 2132 1376 2158 voce
1415 2120 1619 2170 Aquilae,
1660 2132 1770 2170 quae
1809 2126 1851 2158 et
1892 2119 2151 2159 centurionis
2189 2129 2343 2157 nomen

101 2190 218 2223 esset
248 2190 291 2222 et
320 2184 433 2234 signi
462 2184 670 2235 legionis.)

300 2250 421 2289 XIII.
459 2264 517 2288 11.
563 2251 616 2288 de
646 2250 828 2289 Falerno
859 2251 1069 2290 Anseres
1108 2252 1372 2301 depellentur
1408 2251 1564 2300 (Anser
1602 2253 1658 2289 ab
1688 2252 1881 2290 Antonio
1911 2251 2090 2301 Pompei
2120 2249 2343 2289 Falernum

102 2322 355 2368 acceperat;
386 2327 562 2355 anseres
591 2322 733 2354 autem
763 2317 954 2367 inprimis
985 2318 1140 2355 edaces
1172 2321 1295 2366 sunt).

300 2382 422 2420 XIII.
456 2394 518 2431 27.
559 2382 689 2431 (Inter
727 2383 870 2421 socios
909 2390 1147 2421 castrorum
1178 2383 1369 2432 Antonii)
1405 2391 1471 2421 est
1501 2384 1629 2422 etiam
1659 2383 1819 2422 Decius
1860 2384 1915 2421 ab
1954 2383 2053 2426 illis,
2093 2388 2140 2420 ut
2179 2381 2343 2432 opinor,

103 2448 357 2487 Muribus.
416 2448 568 2498 Itaque
599 2447 796 2487 Caesaris
826 2461 1002 2488 munera
1032 2449 1150 2487 rosit.

849 2563 886 2607 4)
917 2558 1081 2596 Versus
1110 2557 1251 2597 facete
1280 2559 1606 2609 interponuntur

102 2647 276 2695 saepius
305 2646 347 2684 in
377 2646 507 2683 rebus
536 2645 670 2689 seriis,
702 2658 829 2693 quam
860 2646 969 2682 risus
999 2646 1201 2683 movendi
1232 2658 1373 2683 causa.
1431 2647 1479 2684 In
1508 2648 1589 2684 hoc
1619 2659 1779 2696 genere
1809 2659 2006 2685 numero:

302 2724 344 2763 p.
374 2709 509 2750 Rosc.
539 2710 637 2750 Am.
670 2722 734 2760 90.
775 2711 829 2750 de
867 2711 1191 2751 accusatoribus
1232 2723 1257 2750 a
1297 2710 1410 2750 Sulla
1449 2712 1622 2752 occisis:
1668 2711 1772 2763 Quis
1802 2712 1860 2750 ibi
1890 2723 1974 2750 non
2005 2716 2071 2749 est
2101 2709 2346 2747 vulneratus

102 2776 218 2815 ferro
248 2776 468 2827 Phrygio?

302 2855 344 2892 p.
375 2842 484 2880 Mur.
517 2855 580 2890 30.
625 2843 735 2881 Enni
765 2843 1020 2891 quibusdam
1060 2844 1258 2881 versibus
1297 2857 1366 2881 ars
1406 2845 1505 2882 boni
1546 2845 1728 2883 oratoris
1768 2842 2069 2894 imperatoriae
2110 2840 2191 2880 arti
2228 2843 2346 2889 post-

104 2909 299 2961 ponitur;
331 2914 375 2946 et
406 2911 457 2947 60
486 2909 621 2947 verba
653 2921 763 2956 „non
792 2909 924 2946 multa
952 2921 1130 2958 peccas,
1163 2910 1238 2946 sed
1268 2922 1445 2959 peccas;
1485 2917 1528 2948 te
1558 2922 1709 2960 regere
1738 2913 1955 2960 possum“,
1986 2907 2141 2956 quibus
2171 2903 2346 2944 Catonis

105 2975 277 3013 nimiam
307 2975 584 3013 severitatem
614 2976 907 3024 perstringere
936 2975 1096 3024 incipit,
1128 2987 1184 3012 ex
1215 2982 1362 3012 vetere
1391 2974 1536 3013 fabula
1566 2981 1736 3025 sumpta
1765 2974 1976 3012 videntur.

304 3039 352 3078 In
383 3038 583 3079 Sestiana
619 3041 830 3079 118—126
862 3040 933 3090 qui
964 3039 1199 3079 afferuntur
1229 3052 1397 3086 versus,
1439 3040 1465 3078 ii
1500 3041 1599 3079 nihil
1638 3040 1799 3079 ridiculi
1829 3040 1990 3078 habent
2024 3042 2197 3088 praeter
2224 3034 2344 3072 illud:
