2443 3259
1085 123 1349 161 -13-

341 390 346 394 “
396 382 620 435 profectus
649 390 776 430 esset,
807 384 989 424 Veneris
1017 385 1188 425 nomine
1217 385 1438 436 quaesisse
1466 385 1661 424 videtur?

235 514 242 517 =
273 469 282 509 ᾗ
298 461 436 500 Nimis
464 461 680 511 sagaciter
707 467 851 500 autem
880 461 963 500 div.
993 462 1035 500 in
1066 461 1190 501 Caec.
1222 474 1274 510 50
1304 462 1500 500 Klotzius
1530 462 1735 501 odoratus
1764 463 1944 507 videtur,
1979 474 2074 500 cum
2106 460 2333 509 „alienissi-

102 525 183 579 mis
209 525 476 567 hominibus“
507 527 569 566 ita
597 527 757 566 dictum
787 539 883 566 esse
911 528 1090 573 iudicat,
1129 534 1177 566 ut
1215 528 1256 566 in
1295 527 1598 578 subscriptoris
1628 527 1783 566 Allieni
1820 528 1990 566 nomine
2022 528 2191 566 ludatur
2219 525 2333 575 (vide

102 592 256 644 Halm)
312 591 435 631 Haec
464 604 521 630 ex
551 591 762 631 Verrinis!

299 669 441 708 Etiam
478 669 521 707 in
559 668 758 708 Sestiana
800 671 1009 721 quaedam
1057 671 1271 709 nominum
1318 670 1693 720 interpretationes
1741 670 2021 709 inveniuntur.
2080 672 2144 718 69.
2184 668 2333 707 Aelius

2 753 25 790 J
78 729 84 750 ²
103 736 259 788 Ligus,
297 739 350 774 tr.
389 735 446 786 pl.
486 735 585 773 anni
625 737 674 783 58
714 749 750 775 a.
792 736 907 782 Chr.‚
951 748 1214 786 „cognomen
1253 736 1333 775 sibi
1370 749 1426 775 ex
1465 736 1684 775 Aeliorum
1713 736 1968 786 imaginibus
2006 735 2206 785 arripuit,
2246 746 2333 784 quo

103 800 242 852 magis
279 800 464 840 nationis
503 800 593 839 eius
631 813 728 840 esse
766 814 894 852 quam
933 802 1103 853 generis
1137 802 1377 841 videretur“
1415 803 1453 851 (i.
1485 815 1520 841 e.
1552 815 1636 852 quo
1666 809 1809 840 tamen
1838 802 1939 840 nihil
1968 801 2147 852 amplius
2176 799 2332 844 effecit,

0 865 4 868 ’
37 874 42 879 ’
104 877 232 918 quam
259 871 307 905 ut
336 867 408 917 qui
436 867 480 905 id
510 878 749 917 cognomen
779 867 991 913 audirent,
1030 867 1203 906 natione
1232 867 1451 918 Ligurem,
1491 880 1576 906 non
1606 868 1822 907 Aeliorum
1855 873 2085 918 cognatum
2116 866 2334 904 existima-

103 937 220 976 rent;
249 931 431 982 Ligures
460 932 571 970 enim
600 932 861 970 fallaciarum
896 933 1064 970 nomine
1098 933 1205 970 male
1240 934 1483 972 audiebant.
1533 935 1631 982 (Pro
1667 933 1830 971 Cluent.
1868 945 1930 981 72.
1962 939 2103 970 autem
2133 931 2334 980 Staienus

105 997 290 1047 (Paetus)
331 1009 413 1046 „ex
456 1003 588 1047 gente
627 996 752 1035 Aelia
800 999 881 1036 sibi
919 1011 1160 1048 cognomen
1197 999 1319 1036 Paeti
1357 1011 1414 1036 ex
1452 999 1671 1036 Aeliorum
1708 999 1965 1048 imaginibus
2005 997 2203 1047 arripuit,
2247 1007 2334 1045 quo

104 1061 243 1112 magis
279 1062 465 1101 nationis
503 1063 593 1101 eius
632 1075 727 1101 esse
765 1076 893 1113 quam
931 1064 1101 1114 generis
1139 1064 1201 1102 uti
1240 1064 1492 1114 cognomine
1531 1065 1800 1113 videretur“).
1859 1064 1928 1101 Ex
1972 1062 2190 1112 sequentis
2235 1060 2335 1099 anni

8 1120 10 1122 ’
57 1132 61 1135 ’
104 1127 284 1166 tribunis
323 1128 502 1166 duorum
540 1128 711 1167 nomina
750 1129 1011 1179 perstringit.
1071 1128 1195 1167 Alter
1234 1135 1300 1167 est
1339 1128 1389 1178 Q.
1429 1129 1652 1167 Numerius
1690 1129 1832 1168 Rufus
1875 1141 2025 1178 ⁷,quern
2063 1128 2256 1167 homines
2291 1125 2335 1164 in

103 1192 219 1231 luctu
256 1192 481 1233 irridentes
521 1191 763 1233 Gracchum
802 1196 1038 1240 vocabant,
1078 1195 1278 1245 quoniam
1316 1195 1360 1233 id
1398 1195 1524 1233 etiam
1562 1194 1696 1234 fatum
1736 1195 1921 1234 civitatis
1959 1194 2060 1240 fuit,
2100 1199 2147 1232 ut
2179 1193 2249 1232 illa
2277 1203 2335 1231 ex

88 1259 344 1308 >vepreculis
374 1266 572 1297 extracta
600 1261 789 1298 nitedula
817 1262 1120 1311 rempublicam
1155 1267 1382 1299 conaretur
1415 1262 1646 1299 adrodere“
1689 1269 1829 1299 utrum
1868 1268 2047 1311 propter
2086 1260 2335 1297 seditiosum

46 1331 52 1336 ⁴
105 1324 290 1363 animum
318 1338 374 1364 an
402 1332 581 1376 propter
610 1327 845 1365 exilitatem
874 1328 1014 1373 vocis,
1055 1340 1165 1377 quae
1202 1328 1365 1377 graculi
1394 1334 1564 1366 cantum
1593 1327 1793 1372 referret,
1834 1326 2055 1366 Gracchus
2093 1325 2334 1365 nominatus

106 1389 174 1435 sit,
203 1390 405 1441 aequales
434 1398 550 1431 certe
579 1405 664 1431 non
693 1393 973 1443 ignorabant,
1012 1405 1091 1431 nos
1121 1393 1344 1432 nescimus.
1401 1393 1491 1431 Nec
1521 1393 1564 1431 id
1592 1393 1716 1431 nobis
1746 1400 1907 1431 certum
1937 1399 2024 1438 est,
2056 1404 2154 1430 num
2184 1389 2335 1429 Cicero

62 1461 64 1463 '
106 1468 202 1494 eum
239 1463 418 1508 propter
457 1459 763 1497 obscuritatem
802 1472 982 1509 carpens
1018 1473 1111 1497 cum
1146 1472 1263 1497 mure
1302 1461 1615 1510 comparaverit
1663 1467 1727 1504 et,
1780 1461 1896 1510 quod
1942 1466 2035 1497 erat
2080 1457 2336 1508 cognomine

105 1520 261 1567 Rufus,
291 1523 521 1562 nitedulam
549 1525 575 1562 i.
606 1537 642 1562 e.
673 1538 832 1563 murem
861 1532 1076 1575 agrestem
1105 1526 1282 1563 rubeum
1311 1525 1605 1564 nominaverit.
1664 1525 1787 1564 Alter
1822 1532 1889 1563 est
1918 1524 1963 1563 C.
1994 1524 2151 1562 Atilius
2181 1521 2336 1561 Calati-

106 1599 186 1626 nus
216 1586 434 1627 Gavianus
467 1602 576 1638 „non
606 1590 671 1629 ille
701 1589 908 1629 Serranus
938 1592 994 1629 ab
1024 1597 1189 1635 aratro,
1230 1591 1306 1629 sed
1344 1603 1401 1629 ex
1440 1592 1610 1629 deserto
1641 1589 1767 1629 Gavii
1796 1589 1903 1629 Oleli
1940 1591 2095 1628 horreo
2133 1601 2159 1627 a
2188 1587 2336 1627 calatis

108 1651 257 1693 Gaviis
286 1654 328 1693 in
359 1654 574 1695 Calatinos
603 1657 760 1696 Atilios
789 1658 978 1702 insitus“,
1011 1670 1097 1707 quo
1126 1658 1168 1695 in
1203 1658 1297 1696 loco
1336 1658 1589 1696 coniecturis
1629 1658 1802 1695 multum
1840 1663 2007 1695 tentato
2045 1657 2127 1694 hoc
2166 1654 2336 1704 quidem

107 1725 229 1771 patet
266 1720 483 1760 ridiculam
522 1723 703 1762 nominis
743 1723 1138 1775 interpretationem
1181 1723 1325 1762 latere.
1383 1723 1545 1762 Ibidem
1601 1735 1673 1761 110
1721 1723 1764 1760 in
1812 1720 1955 1767 Gellii,
2004 1721 2076 1772 qui
2118 1719 2338 1770 Poplicola

107 1786 366 1831 vocabatur,
406 1789 576 1826 nomine
616 1788 764 1827 Cicero
804 1790 988 1827 iocatur:
1034 1801 1192 1837 „usque
1222 1801 1274 1827 eo
1304 1801 1389 1827 non
1417 1789 1497 1826 fuit
1526 1789 1766 1838 popularis,
1806 1794 1852 1825 ut
1881 1789 1997 1826 bona
2031 1787 2146 1825 solus
2176 1796 2338 1824 comes-

107 1852 198 1888 set“
230 1858 274 1889 et
306 1864 416 1900 „non
445 1853 628 1892 libidinis
659 1867 800 1900 causa,
832 1856 920 1899 sed,
950 1861 998 1892 ut
1026 1854 1235 1905 plebicola
1264 1855 1490 1898 videretur,
1522 1855 1758 1892 libertinam
1790 1854 1914 1891 duxit
1943 1855 2164 1891 uxorem“.

305 1928 487 1967 Nomine
526 1929 687 1967 Vatinii
725 1930 869 1968 ludere
907 1931 1076 1968 videtur
1116 1931 1171 1979 (in
1201 1930 1300 1968 Vat.
1333 1933 1390 1979 6):
1435 1931 1600 1978 „omnia
1635 1943 1746 1979 quae
1780 1937 1826 1967 tu
1855 1930 2123 1980 impudenter
2151 1925 2337 1965 vatici·

109 1993 251 2032 nando
280 2006 455 2044 sperare
483 2002 528 2034 te
557 2008 688 2046 saepe
718 1997 889 2035 dixisti“
922 1996 1227 2046 (consulatum).

307 2070 462 2122 Aeque
505 2072 706 2123 (Clodiae)
750 2073 1089 2123 Quadrantariae
1131 2084 1285 2112 nomen
1328 2073 1632 2122 interpretatur
1675 2084 1769 2110 cum
1813 2083 1891 2122 pro
1940 2070 2052 2109 Cael.
2098 2073 2163 2118 69.
2212 2068 2336 2107 dicit:

114 2135 299 2184 „Tamen
327 2143 395 2176 est
422 2150 509 2176 non
537 2138 767 2178 infacetum
796 2139 1072 2178 mendacium.
1131 2138 1257 2189 Quod
1291 2137 1487 2189 profecto
1526 2149 1740 2187 nunquam
1777 2137 1992 2175 hominum
2031 2147 2172 2174 sermo
2206 2140 2339 2185 atque

110 2201 255 2253 opinio
294 2206 640 2255 comprobasset,
684 2206 763 2244 nisi
808 2206 970 2251 omnia,
1016 2217 1125 2255 quae
1174 2217 1268 2243 cum
1315 2204 1575 2255 turpitudine
1623 2204 1764 2255 aliqua
1811 2204 2072 2248 dicerentur,
2120 2202 2163 2240 in
2210 2201 2339 2239 istam

110 2269 376 2315 quadrare
405 2278 508 2320 apte
536 2272 822 2316 viderentur“,
854 2284 1097 2321 quanquam
1125 2284 1211 2309 non
1241 2284 1296 2309 ex
1325 2272 1408 2309 hoc
1436 2271 1667 2314 vocabulo,
1708 2271 1783 2308 sed
1813 2283 1868 2308 ex
1908 2269 2178 2307 substantivo
2211 2269 2361 2316 „qua-'

112 2333 264 2372 drans“
296 2348 452 2375 nomen
480 2337 579 2376 illud
600 2337 940 2388 Quadrantariae
970 2339 1141 2376 ductum
1172 2349 1267 2376 esse
1296 2344 1490 2388 apparet,
1522 2343 1564 2375 et
1593 2338 1699 2375 haec
1725 2336 1906 2374 nominis
1932 2335 2055 2386 origo
2076 2332 2340 2385 significatur

111 2399 254 2438 verbis
297 2403 344 2440 62
386 2403 715 2454 „quadrantaria
748 2403 817 2441 illa
850 2403 1188 2454 permutatione“
1226 2409 1269 2441 et
1306 2415 1349 2451 71
1393 2403 1583 2451 „aeraria
1615 2402 1783 2440 fabula“
1799 2431 1807 2446 ‚
1847 2413 1973 2451 quam
2012 2400 2200 2438 fabulam
2239 2411 2339 2437 num

110 2463 362 2505 Plutarchus
389 2466 489 2515 (Cic.
513 2470 576 2517 29)
607 2469 662 2506 ad
691 2468 917 2507 veritatem
946 2468 1194 2513 narraverit,
1226 2481 1319 2506 cum
1339 2468 1587 2506 Drumanno
1617 2466 1683 2514 (G.
1704 2467 1760 2505 R.
1781 2467 1831 2505 II.
1865 2469 1953 2515 381.
1986 2467 2050 2514 54)
2081 2464 2339 2503 dubitamus.

309 2542 491 2595 Philipp.
521 2544 601 2584 XI.
639 2558 708 2594 14:
749 2545 904 2592 Inter,
907 2550 1157 2584 castrorum
1187 2543 1245 2583 M.
1275 2543 1439 2583 Antoni
1475 2544 1651 2583 lumina“
1691 2543 1919 2591 nominat,
1921 2541 1982 2581 ..C
2012 2541 2200 2581 Annium
2230 2539 2341 2580 Cim·

111 2588 246 2653 brum,
276 2608 465 2660 Lysidici
494 2610 634 2657 filium,
665 2611 911 2662 Lysidicum
940 2612 1077 2662 ipsum
1110 2609 1278 2649 Graeco
1308 2611 1464 2655 verb0‚
1496 2609 1695 2659 quoniam
1726 2609 1865 2646 omnia
1891 2607 1985 2658 jura
2014 2607 2229 2645 dissolvit:
2259 2606 2341 2645 nisi

111 2670 225 2711 forte
251 2673 342 2713 iure
372 2674 631 2715 Germanum
661 2677 831 2716 Cimber
860 2677 1053 2716 occidit.⁴¹⁴
1113 2676 1350 2726 Dupliciter
1378 2677 1446 2714 hic
1477 2675 1625 2714 Cicero
1652 2675 1840 2725 jocatur:
1881 2687 1977 2712 nam
2013 2674 2193 2724 primum
2229 2685 2340 2719 eum,

27 2735 30 2737 ’
78 2750 81 2751 ’
113 2738 186 2788 qui
213 2737 390 2780 fratrem
419 2744 660 2790 necaverit,
692 2743 795 2783 λύειν
823 2741 933 2790 δίκας
962 2750 1004 2782 et
1033 2743 1170 2794 patris
1199 2742 1387 2794 Lysidici
1416 2742 1585 2781 nomine
1614 2741 1787 2791 dignum
1817 2740 1935 2785 dicit,
1973 2739 2127 2778 deinde
2156 2739 2258 2790 quia
2286 2738 2343 2779 illi

112 2814 352 2857 cognomen
391 2807 550 2849 Cimbri
588 2810 689 2857 fuit,
728 2823 807 2862 pro
847 2810 979 2850 fratre
1016 2810 1149 2864 utitur
1187 2809 1397 2848 vocabulo
1436 2806 1657 2853 Germani,
1698 2807 1812 2857 quod
1850 2818 1988 2856 aeque
2025 2817 2076 2844 ac
2118 2804 2339 2854 „Cimber“

79 2870 82 2871 ⁷
113 2871 335 2910 oriundum
372 2874 555 2925 aliquem
594 2888 650 2914 ex
688 2877 861 2914 natione
900 2862 1140 2926 significare
1178 2881 1336 2925 potest.
1394 2875 1585 2912 Eundem
1624 2873 1838 2911 Cimbrum
1876 2873 1996 2910 XIH.
2030 2875 2092 2910 26.
2133 2874 2192 2910 ob
2229 2873 2342 2911 illam

0 2934 66 2978 ·{·——
109 2925 258 2976 fratris
285 2941 478 2989 germani
507 2943 683 2981 caedem
711 2943 881 2981 nomine
909 2942 1174 2992 Philadelphi
1203 2954 1281 2992 per
1319 2941 1542 2979 ludibrium
1579 2946 1712 2978 notat.
1772 2938 1824 2977 cf.
1855 2938 2027 2988 Quintil.
2059 2938 2176 2978 vm.
2207 2953 2244 2988 3.
2277 2952 2341 2988 ²9·

308 3013 540 3056 Praeterea
567 3018 739 3057 nomina
767 3019 943 3070 propria
971 3018 1142 3069 saepius
1171 3017 1232 3056 ita
1260 3018 1315 3056 ad
1344 3016 1561 3056 ridiculum
1596 3021 1840 3061 vertuntur,
1879 3022 1927 3054 ut
1966 3028 2061 3054 cum
2100 3016 2343 3056 nominibus
