2443 3259
558 598 642 672 De
691 597 1004 672 Ciceronis
1054 599 1107 672 in
1158 599 1539 673 orationibus
1586 599 1838 673 facetiis.

283 894 584 963 Quintilianus
614 907 724 945 inter
752 905 1088 946 Demosthenem
1117 914 1160 946 et
1185 907 1445 952 Ciceronem,
1476 919 1719 957 quanquam
1748 907 2032 947 urbanitatem
2061 907 2103 947 in
2131 913 2315 959 utroque

78 975 218 1023 ¹'fuisse
243 975 417 1025 judicat,
448 980 592 1013 tamen
619 973 702 1012 hoc
731 972 939 1012 interesse
968 973 1082 1019 dicit,
1114 975 1229 1023 quod
1249 974 1528 1013 Demostheni
1556 974 1665 1012 risus
1691 974 1889 1012 movendi
1915 973 2096 1012 facultas
2117 973 2311 1019 defuerit,

48 1041 234 1096 pricegto
263 1046 407 1079 autem
435 1052 522 1079 non
551 1039 686 1077 solum
715 1044 840 1077 extra
868 1039 1043 1084 iudicia,
1083 1040 1160 1077 sed
1198 1040 1240 1078 in
1279 1040 1382 1090 ipsis
1419 1041 1547 1078 etiam
1584 1040 1848 1077 orationibus
1876 1040 2047 1078 habitus
2076 1040 2133 1078 sit
2159 1040 2312 1078 nimius

2 1104 36 1157 3
62 1098 74 1156 f
84 1108 196 1157 risus
232 1106 470 1146 affectator.
527 1105 595 1144 Ac
633 1105 885 1143 Plutarchus
923 1105 966 1143 in
1003 1117 1149 1144 eorum
1187 1106 1507 1156 comparatione
1547 1105 1794 1143 Ciceronem
1832 1105 2031 1143 irridendi
2078 1106 2312 1155 cupiditate

66 1184 220 1224 *usque
256 1174 313 1211 ad
351 1173 647 1210 scurrilitatem
685 1177 936 1220 provectum
975 1183 1072 1209 esse
1111 1178 1155 1210 et
1193 1171 1235 1209 in
1273 1171 1413 1209 causis
1451 1184 1536 1209 non
1566 1171 1671 1209 satis
1701 1171 1843 1209 decori
1873 1171 2081 1209 rationem
2108 1170 2312 1210 habuisse

0 1226 17 1281 7,
54 1231 208 1285 uicit,
256 1239 383 1278 immo
422 1250 525 1277 vero
565 1237 694 1276 etiam
732 1236 800 1274 illa
838 1236 1066 1275 dicacitate
1104 1237 1258 1275 multos
1298 1237 1472 1275 laesisse
1511 1244 1553 1275 et
1593 1237 1750 1275 famam
1797 1236 1981 1274 malitiae
2029 1236 2309 1275 contraxisse.

42 1305 183 1360 Ipse
212 1316 316 1342 vero
347 1303 495 1342 Cicero
524 1304 592 1341 illa
620 1302 824 1341 facultate
853 1315 931 1340 sua
959 1302 1020 1341 ita
1048 1304 1254 1353 gloriatus
1285 1310 1373 1350 est,
1404 1310 1450 1341 ut
1480 1304 1581 1348 sibi,
1613 1304 1648 1341 si
1678 1310 1803 1342 acute
1833 1310 1907 1341 aut
1935 1302 2075 1341 facete
2103 1303 2314 1341 dictorum

34 1366 363 1411 offensionem
398 1367 589 1419 effugere
623 1368 769 1414 vellet,
810 1367 966 1407 famam
995 1368 1152 1420 ingenii
1183 1368 1461 1407 abiiciendam
1492 1369 1652 1407 diceret
1682 1369 1750 1417 (ad
1779 1367 1877 1407 fam.
1908 1367 1986 1406 IX.
2024 1370 2110 1417 16.).
2168 1367 2310 1418 Quan-

29 1489 31 1491 .
68 1441 175 1490 tum
200 1442 343 1494 autern
372 1435 455 1474 iam
485 1435 685 1485 aequales
716 1436 805 1473 eius
834 1436 1067 1474 urbanitati
1096 1443 1139 1475 et
1169 1436 1348 1486 argutiis
1384 1436 1629 1479 tribuerint,
1669 1436 1736 1474 vel
1774 1436 1872 1474 inde
1911 1436 2113 1486 cognosci
2151 1442 2308 1486 potest,

6 1495 9 1497 ³
57 1498 199 1553 'quod
227 1502 320 1552 ipse
348 1508 392 1541 et
420 1502 462 1540 in
491 1501 720 1540 Planciana
749 1502 862 1541 circa
890 1515 928 1541 a.
961 1514 1040 1552 700
1069 1515 1106 1541 a.
1138 1502 1188 1542 U.
1220 1510 1263 1542 et
1292 1504 1345 1541 ad
1375 1501 1473 1542 fam,
1505 1501 1598 1541 VII.
1632 1515 1677 1551 32
1718 1502 1878 1553 aliquot
1915 1502 2034 1541 annis
2073 1508 2173 1554 post
2210 1512 2310 1541 con·

0 1582 64 1624 st.
83 1568 293 1619 queritur,
323 1567 476 1613 multa,
506 1579 617 1618 quae
645 1579 731 1606 non
761 1568 964 1614 dixisset,
994 1568 1037 1607 in
1066 1581 1113 1607 se
1142 1568 1346 1613 conferri;
1386 1568 1532 1619 itaque
1562 1567 1831 1606 Volumnium
1860 1569 2153 1618 reprehendit,
2193 1569 2307 1617 quod

53 1636 56 1637 ⁷
85 1645 260 1684 „parum
298 1634 523 1684 diligenter
560 1634 778 1683 possessio
817 1634 1043 1672 salinarum
1082 1648 1251 1672 suarum
1290 1636 1345 1672 ab
1384 1635 1452 1672 illo
1498 1641 1776 1684 procuratore
1823 1634 2085 1672 defendatur.
2143 1634 2306 1683 Pugna,

3 1701 12 1712 ²
81 1699 229 1749 inquit,
259 1700 339 1738 nisi
370 1721 415 1727 —
451 1722 502 1727 —
532 1696 691 1747 ἕντεχνα
720 1705 764 1737 et
792 1706 947 1749 arguta
976 1701 1263 1751 apparebunt,
1296 1706 1342 1738 ut
1371 1706 1639 1738 sacramento
1669 1701 1905 1739 contendas
1934 1712 2028 1738 mea
2056 1712 2140 1739 non
2170 1702 2305 1738 esse“.

67 1764 242 1811 „Contra
261 1764 458 1804 Caesaris
484 1765 570 1815 (qui
589 1765 870 1803 voluminibus
892 1765 978 1804 suis
998 1760 1330 1818 ἀποφθεγμάτων
1349 1767 1477 1805 etiam
1498 1766 1714 1805 Ciceronis
1735 1767 1847 1804 dicta
1867 1766 2094 1803 inseruisse
2112 1765 2306 1814 videtur),

81 1842 180 1869 acre
213 1831 257 1869 in
292 1831 498 1880 eligendis
536 1831 915 1881 apophthegmatis
951 1832 1149 1871 iudicium
1188 1833 1367 1871 laudat.·
1406 1833 1593 1880 „Audio,
1633 1833 1790 1883 inquit,
1830 1833 2078 1876 Caesarem,
2118 1832 2152 1870 si
2191 1831 2307 1882 quod

70 1894 284 1940 ·'afferatur
313 1897 368 1934 ad
397 1909 492 1934 eum
521 1909 600 1946 pro
629 1908 746 1941 meo,
783 1899 898 1946 quod
927 1910 1066 1936 meum
1094 1911 1180 1936 non
1209 1898 1285 1943 sit,
1325 1898 1500 1936 reiicere
1530 1899 1704 1937 solere.·'⁴
1764 1897 1875 1948 Quid
1903 1898 2051 1937 mirum
2080 1896 2231 1948 igitur,
2270 1896 2306 1936 si

80 1959 164 2002 iam
193 1959 293 2001 Vivo
314 1959 518 2001 Cicerone
544 1960 685 2000 facete
711 1962 766 2000 ab
793 1974 845 2001 eo
872 1961 987 2001 dicta
1007 1962 1281 2014 collegerunt,
1302 1968 1350 2001 ut
1368 1962 1527 2014 primus
1550 1962 1594 2000 C.
1617 1963 1853 2001 Trebonius
1869 1962 1982 2007 fecit,
2006 1963 2041 1999 is
2062 1963 2134 2012 qui
2153 1968 2308 2012 postea

13 2030 21 2056 ἰ
62 2026 193 2067 ‘inter-
210 2026 408 2067 Caesaris
433 2040 709 2079 percussores
735 2028 827 2074 fuit,
854 2028 971 2067 cuius
996 2028 1148 2067 librum
1174 2029 1448 2067 libentissime
1470 2040 1516 2066 se
1536 2029 1691 2079 legisse
1713 2029 1861 2066 Cicero
1882 2041 1918 2066 a.
1943 2039 2016 2076 707
2041 2028 2213 2077 scripsit
2237 2028 2308 2075 (ad

0 2102 16 2117 “-
46 2117 48 2119 »
80 2091 180 2132 fam.
199 2091 302 2131 XV.
326 2105 388 2132 21.
410 2093 464 2131 cf.
485 2093 585 2131 XII.
614 2096 700 2143 16.).
757 2094 989 2132 Praeterea
1016 2101 1133 2132 certe
1154 2107 1289 2145 usque
1309 2096 1365 2132 ad
1385 2095 1593 2132 Macrobii
1618 2101 1804 2132 aetatem
1825 2095 1950 2141 (circa
1969 2107 2005 2131 a.
2030 2106 2109 2141 400
2130 2106 2172 2143 p.
2193 2092 2307 2142 Chr.)

79 2159 291 2198 extabant
318 2159 378 2197 111
407 2159 501 2198 libri
532 2160 586 2198 de
612 2159 719 2210 jocis
740 2159 968 2204 Ciceronis,
998 2161 1055 2198 ab
1085 2160 1174 2198 eius
1203 2160 1356 2198 liberto
1377 2160 1533 2198 Tirone
1563 2160 1720 2210 scripti,
1751 2172 1929 2210 quorum
1958 2165 2002 2198 et
2022 2157 2307 2209 Quintilianus

72 2223 154 2278 VI.
185 2238 220 2273 3.
253 2238 289 2273 5.
320 2231 363 2263 et
391 2226 523 2264 schol.
553 2226 769 2264 Bobiense
797 2226 853 2263 ad
883 2224 1125 2263 Sestianam
1154 2225 1299 2263 LXIV
1328 2226 1585 2264 mentionem
1613 2225 1730 2270 fecit,
1762 2226 1838 2264 sed
1866 2225 1932 2263 ille
1962 2225 2176 2270 dubitans,
2205 2237 2307 2263 num

23 2314 27 2346 3
42 2304 45 2306 ·
79 2288 109 2328 ii
136 2302 239 2329 vere
266 2288 478 2331 a'Tirone
505 2290 689 2342 profecti
718 2291 824 2337 sint,
864 2297 907 2331 et
940 2292 1279 2342 reprehendens,
1322 2292 1437 2343 quod
1471 2292 1564 2343 plus
1599 2291 1724 2330 studii
1762 2291 1803 2329 in
1833 2290 2137 2341 congerendis,
2177 2301 2306 2341 quam

78 2353 219 2394 iudicii
247 2355 290 2394 in
319 2356 524 2408 eligendis
555 2356 678 2395 dictis
707 2357 762 2395 sit
791 2357 1037 2396 adhibitum.

276 2420 508 2477 Videamus
536 2423 669 2474 igitur
696 2422 889 2474 primum
916 2423 1021 2474 qum
1051 2422 1201 2465 Cicero
1232 2423 1284 2464 de
1314 2425 1409 2464 toto
1434 2422 1610 2475 ,iocandi
1641 2433 1800 2473 genere
1829 2421 2113 2465 iudicaverit,
2149 2419 2307 2461 deinde

0 2512 19 2524 .
40 2485 156 2536 squ}
184 2487 298 2528 sales
327 2488 423 2529 elus
452 2489 731 2531 orationibus
759 2489 927 2540 aspersi
955 2490 1127 2531 extent.

1170 2675 1216 2725 I.

774 2783 1002 2856 Ciceronis
1043 2786 1099 2842 de
1138 2786 1314 2842 facetiis
1356 2791 1606 2857 praecepta.

0 2737 10 2753 S
37 2745 51 2752 >v

14 2765 43 2784 (Ἀ
66 2761 76 2784 ,μ

0 2790 19 2813 ,μ

0 2859 111 2964 ⁵⁸}
273 2902 373 2955 Ipse
401 2905 532 2955 igitur
561 2906 604 2944 in
633 2906 852 2951 librorum,
883 2906 956 2957 qui
985 2912 1084 2945 sunt
1112 2907 1166 2944 de
1195 2912 1387 2952 oratore,
1426 2905 1583 2957 primo,
1620 2917 1713 2943 cum
1743 2917 1854 2955 quae
1883 2904 2044 2944 oratori
2071 2904 2216 2944 futuro
2243 2905 2306 2944 di-

0 2959 65 3040 {Q}
77 2960 237 3013 scenda
265 2968 362 3015 sint,
391 2978 623 3017 enumerat,
653 2972 868 3011 libandum
898 2984 994 3011 esse
1022 2972 1124 3011 dicit
1153 2984 1210 3011 ex
1240 2973 1352 3011 omni
1389 2983 1547 3022 genere
1584 2970 1833 3009 facetiarum
1863 2971 2075 3021 quendam
2102 2962 2305 3022 leporem,

0 3028 79 3115 g
60 3014 174 3090 ξιξο
190 3037 396 3086 tanquam
424 3037 512 3076 sale
540 3044 850 3090 perspergatur
879 3038 1015 3077 omnis
1044 3038 1204 3079 oratio:
1244 3038 1286 3076 in
1324 3037 1510 3075 secundo
1550 3048 1652 3074 vero
1681 3036 1786 3074 libro
1817 3035 1863 3075 C.
1892 3035 2047 3085 Julium
2076 3035 2306 3076 Caesarem

0 3097 83 3123 „cs
2042 3101 2088 3134 1·
