2443 3259
1106 103 1374 142 ...12-

316 236 374 276 ib·
404 248 481 285 32:
511 247 641 286 quam
668 248 837 276 omnem
865 248 1037 287 semper
1065 236 1255 275 amicam
1284 234 1471 273 omnium
1497 233 1655 285 potius,
1686 243 1816 282 quam
1844 217 2095 284 cuiusqffl
2121 218 2243 283 ung·
2355 241 2358 244 .

119 304 394 353 putaverunt.-

119 432 213 471 sine
241 433 363 471 ore?

316 496 423 536 Phil.
454 497 506 535 Π.
544 510 612 536 11:
644 499 717 549 qui
744 511 814 537 me
839 512 925 538 non
950 499 1086 537 solum
1111 498 1216 536 meis
1241 497 1435 535 laudibus
1456 501 1668 540 ornaret,
1698 496 1776 533 sed
1795 495 1925 534 etiam
1946 502 2183 536 oneraret
2201 496 2389 553 alienis„
2432 483 2436 487 ”

318 562 376 601 ib.
406 562 479 601 111.
513 575 585 601 22:
625 575 701 609 en,
741 577 816 603 cur
843 566 1052 615 magister
1081 564 1171 602 eius
1200 562 1427 611 (Antonii),
1468 574 1524 600 ex
1555 567 1739 600 oratore
1768 567 1923 600 arator
1950 561 2114 608 factus,
2142 562 2365 613 possideat
2412 584 2436 618 '.

122 648 175 656 --
205 649 258 656 —
287 628 374 667 duo
403 628 533 668 millia
561 628 756 680 iugerum
786 630 987 669 immunia
1017 632 1141 680 (quae
1170 628 1386 668 Antonius
1416 626 1577 666 rhetori
1605 626 1661 665 illi
1690 639 1770 677 pro
1799 628 1996 666 mercede
2025 628 2230 678 dederat).

320 694 378 733 ib.
408 694 531 733 XIII.
564 707 636 744 24:
668 708 764 734 cum
793 697 836 735 in
865 697 1041 747 gremiis
1070 696 1290 734 mimarum
1319 700 1525 732 mentum
1555 699 1855 743 mentemque
1885 694 2137 743 deponeres.

320 760 378 798 ib.
411 762 485 798 26:
514 762 645 799 homo
676 762 900 812 diruptus
930 764 1211 812 dirutusque.

321 825 379 864 ib.
409 825 512 864 XV.
545 840 619 874 39:
651 827 741 865 eius
771 828 851 866 viri
880 828 1086 877 (Pompei)
1116 827 1285 865 nomine
1314 838 1381 864 me
1410 825 1668 863 insectari
1698 825 1853 869 audes,
1885 825 2003 863 cuius
2033 831 2077 863 te
2106 831 2364 864 sectorem

124 901 223 929 esse
250 888 447 930 fateare?
505 891 737 940 (Antonius
766 893 882 932 bona
911 892 1089 942 Pompei
1118 892 1161 931 in
1190 891 1387 930 auctione
1417 891 1606 939 emerat.)

841 1003 877 1049 3)
907 1001 1107 1039 Ridicula
1136 1001 1316 1039 nominis
1345 999 1655 1049 interpretatio.

323 1099 365 1137 p.
396 1086 529 1125 Rosc.
560 1087 658 1125 Am.
697 1100 793 1136 124:
825 1086 964 1125 Venio
994 1100 1106 1126 nunc
1135 1088 1190 1125 ad
1219 1087 1316 1125 illud
1345 1099 1499 1125 nomen
1529 1098 1704 1124 aureum
1734 1084 2020 1135 Chrysogoni.

325 1150 593 1190 Creberrime
623 1152 771 1191 Verris
800 1165 955 1191 nomen
985 1153 1041 1191 ad
1070 1153 1290 1191 ridiculum
1320 1152 1550 1196 convertit,
1582 1152 1698 1201 quod
1726 1152 1855 1189 modo
1885 1152 1941 1189 ab
1971 1151 2208 1189 everrendo
2238 1151 2366 1197 ducit,

125 1216 255 1256 modo
285 1230 405 1256 suem
434 1218 502 1257 vel
532 1231 683 1268 aprum
713 1231 765 1257 eo
795 1219 972 1269 intelligi
1002 1219 1103 1257 vult.
1163 1219 1259 1256 Huc
1288 1218 1475 1268 pertinet
1503 1218 1588 1256 div.
1619 1218 1662 1256 in
1683 1217 1809 1256 Caec.
1833 1230 1901 1266 57;
1932 1223 2110 1267 repente
2137 1229 2162 1255 e
2181 1217 2367 1268 vestigio

125 1293 184 1321 ex
221 1282 415 1328 homine,
454 1289 658 1334 tanquam
698 1284 840 1333 aliquo
881 1283 1058 1322 Circaeo
1097 1284 1274 1334 poculo,
1315 1283 1455 1321 factus
1496 1289 1562 1321 est
1591 1282 1763 1321 Verres.
1803 1283 1846 1321 in
1876 1282 1998 1321 Verr.
2029 1281 2103 1320 IV.
2135 1294 2184 1331 95
2225 1282 2368 1332 (quum

125 1347 324 1386 Herculis
353 1349 621 1388 simulacrum
651 1351 875 1388 demolitus
906 1353 1034 1399 esset)
1065 1350 1239 1399 ajebant
1268 1351 1311 1387 in
1340 1350 1510 1387 labores
1539 1349 1736 1387 Herculis
1775 1361 1861 1387 non
1900 1350 2036 1386 minus
2074 1349 2186 1386 hunc
2225 1349 2369 1386 imma-

125 1412 346 1453 nissimum
375 1426 554 1461 verrem,
585 1427 713 1465 quam
742 1415 854 1454 illum
885 1428 1034 1467 aprum
1064 1415 1389 1467 Erymanthium
1419 1413 1567 1454 referri
1598 1420 1812 1466 oportere.

326 1480 427 1519 ibid.
459 1493 532 1529 53:
563 1475 839 1520 accusatores
873 1505 919 1509 -
955 1505 1001 1509 —
1035 1483 1107 1531 qui
1136 1482 1342 1531 ejusmodi
1371 1481 1587 1519 hominum
1616 1481 1731 1519 furta
1761 1481 1894 1518 odore
1929 1485 2005 1517 aut
2040 1480 2182 1529 aliquo
2220 1480 2370 1519 leviter

125 1557 280 1595 presso
310 1546 498 1596 vestigio
526 1548 910 1597 persequebantur.
970 1548 1080 1585 Nam
1109 1560 1188 1585 nos
1218 1548 1320 1597 quid
1348 1546 1527 1585 facimus
1556 1547 1598 1584 in
1618 1546 1769 1591 Verre,
1800 1558 1927 1595 quem
1956 1546 1999 1583 in
2024 1546 2112 1584 luto
2132 1546 2369 1585 volutatum
2413 1569 2443 1593 -,

127 1610 261 1650 totius
291 1612 485 1662 corporis
514 1612 712 1663 vestigiis
740 1613 1006 1651 invenimus?

327 1676 359 1715 I.
396 1690 492 1716 121:
532 1678 602 1716 alii
641 1679 883 1728 negabant,
924 1678 1160 1716 mirandum
1200 1690 1295 1716 esse
1330 1678 1395 1715 ius
1433 1684 1521 1715 tam
1559 1688 1743 1726 nequam
1782 1688 1877 1714 esse
1916 1676 2130 1714 verrinum
2169 1676 2247 1725 (ius
2276 1689 2371 1715 ver-

128 1741 265 1781 riuum
295 1760 348 1775 =
378 1749 452 1782 aut
481 1743 659 1794 injuriae
688 1756 714 1782 a
734 1743 871 1782 Verre
900 1743 1043 1783 factae
1072 1750 1146 1782 aut
1175 1744 1387 1794 liquamen
1416 1742 1593 1792 suillum)
1625 1741 1759 1792 [quod
1787 1741 1910 1792 Aper
1938 1741 1980 1780 in
2011 1741 2106 1780 dial.
2138 1742 2192 1780 de
2221 1754 2282 1782 or.
2306 1755 2369 1791 23-

127 1806 306 1858 irridet],
337 1808 406 1846 alii
430 1831 477 1836 —-
500 1810 770 1847 sacerdotem
802 1811 1140 1847 exsecrabantur
1169 1809 1241 1859 qui
1270 1821 1436 1847 verrem
1465 1814 1554 1846 tarn
1583 1820 1767 1857 nequam
1796 1807 2049 1858 reliquisset.
2104 1807 2164 1856 (C.
2186 1807 2371 1846 Licinius

129 1870 347 1912 Sacerdos
375 1879 476 1912 ante
509 1873 687 1912 Verrem
717 1887 796 1924 pro
826 1881 1028 1924 praetore
1056 1875 1098 1912 in
1129 1874 1271 1913 Sicilia
1300 1874 1406 1922 fuit.)

329 1938 427 1976 Huc
456 1939 584 1977 etiam
614 1939 884 1978 referendum
914 1941 1030 1989 quod
1059 1941 1113 1977 de
1135 1939 1180 1977 C.
1203 1939 1391 1977 Verrutii
1420 1939 1600 1983 nomine,
1631 1938 1794 1975 fraudis
1824 1950 1954 1975 causa
1983 1951 2009 1975 a
2029 1937 2166 1990 Verre
2186 1937 2369 1977 conficto

130 2007 175 2043 et
211 2003 256 2043 in
294 2004 508 2044 sociorum
547 2005 704 2045 tabulis
743 2006 911 2056 accepti
951 2013 994 2044 et
1033 2006 1214 2056 expensi
1253 2018 1332 2056 pro
1373 2004 1519 2044 Verris
1558 2005 1749 2049 nomine,
1790 2004 1936 2054 primis
1984 2003 2135 2043 litteris
2179 2003 2370 2055 integris,

129 2068 336 2114 interlito,
366 2069 470 2108 dicit
498 2070 550 2108 H.
589 2083 681 2119 191:
713 2071 869 2109 videtis
899 2077 1137 2109 extremam
1167 2077 1335 2121 partem
1364 2070 1567 2115 nominis,
1609 2070 1790 2108 caudam
1818 2069 1930 2108 illam
1960 2069 2131 2115 Verris,
2168 2075 2372 2119 tanquam

131 2133 175 2172 in
204 2133 306 2180 luto,
337 2135 577 2175 demersam
607 2149 703 2175 esse
732 2137 775 2175 in
804 2137 952 2181 litura?

330 2200 404 2240 Ad
433 2202 748 2241 similitudinem
788 2209 932 2241 autem
970 2203 1153 2241 nominis
1189 2209 1231 2240 et
1262 2203 1382 2240 verbi
1413 2204 1609 2241 vertendi
1638 2204 1745 2241 haec
1775 2209 1996 2253 spectant:
2027 2202 2079 2240 II.
2113 2214 2176 2251 52·
2234 2200 2372 2252 Quam

130 2272 180 2305 tu
208 2267 402 2312 domum,
433 2280 561 2318 quam
590 2269 740 2307 urbem
770 2269 918 2313 adisti,
950 2270 1067 2318 quod
1096 2269 1241 2306 fanum
1272 2269 1476 2319 denique,
1508 2270 1623 2319 quod
1652 2282 1738 2307 non
1768 2282 1964 2308 eversum
1994 2275 2124 2318 atque
2154 2274 2371 2306 extersum

130 2331 379 2382 reliqueris?
437 2331 579 2383 Quare
608 2333 877 2384 appellentur
907 2346 1011 2372 sane
1040 2334 1125 2372 ista
1154 2334 1326 2380 Verria,
1367 2347 1478 2384 quae
1515 2347 1601 2374 non
1640 2347 1696 2374 ex
1734 2335 1926 2375 nomine.
1966 2335 2043 2374 sed
2082 2347 2139 2373 ex
2177 2332 2372 2373 manibus

131 2403 372 2447 naturaque
400 2404 475 2436 tua
503 2400 738 2438 constituta
767 2412 863 2438 esse
892 2400 1131 2437 videantur.

331 2463 384 2503 H.
421 2466 489 2503 18:
520 2477 578 2503 ex
607 2466 777 2504 nomine
806 2466 941 2511 istius,
972 2466 1074 2514 quid
1104 2466 1186 2504 iste
1215 2466 1257 2503 in
1286 2466 1507 2515 provincia
1532 2465 1722 2504 facturus
1743 2473 1871 2511 esset,
1902 2465 2155 2516 perridicule
2180 2464 2373 2503 homines

132 2528 469 2580 augurabantur.
500 2552 552 2557 —
589 2543 657 2580 19:
703 2529 799 2581 Quo
843 2531 911 2569 die
955 2529 1141 2570 Siciliam
1184 2530 1330 2581 tetigit
1373 2530 1550 2579 (videte,
1596 2531 1756 2570 satisne
1799 2537 1977 2582 paratus
2021 2543 2077 2569 ex
2120 2529 2190 2568 illo
2234 2528 2374 2568 omine

133 2595 301 2633 urbano
329 2596 387 2633 ad
415 2597 695 2634 everrendam
723 2597 989 2647 provinciam
1019 2597 1199 2645 venerit)
1229 2602 1309 2634 etc.

332 2659 407 2700 IV.
440 2675 512 2711 53:
544 2661 671 2712 Quod
699 2675 898 2713 unquam,
926 2662 1103 2713 judices,
1133 2662 1427 2701 huiuscemodi
1456 2663 1732 2702 everriculum
1761 2662 1844 2702 ulla
1872 2663 1915 2701 in
1944 2661 2167 2713 provincia
2193 2660 2301 2699 fuit?

332 2727 407 2766 IV.
440 2739 513 2778 57:
544 2728 603 2768 Ut
631 2729 700 2767 hic
729 2741 884 2768 nomen
915 2741 1036 2767 suum
1066 2728 1382 2779 comprobavit,
1424 2729 1485 2767 sic
1513 2728 1580 2768 ille
1610 2740 1850 2781 cognomen
1880 2728 1994 2778 (Piso
2023 2726 2176 2778 Frugi;
2217 2737 2303 2777 quo
2331 2724 2375 2764 in

133 2792 339 2833 Pisonum
368 2796 625 2846 cognomine
653 2796 760 2835 ludit
789 2797 918 2835 etiam
941 2809 982 2847 p.
1005 2795 1118 2835 Sest.
1147 2808 1212 2833 12:
1245 2802 1338 2833 erat
1367 2807 1419 2833 eo
1449 2796 1631 2842 nomine,
1661 2802 1708 2835 ut
1737 2796 1989 2847 ingenerata
2017 2794 2202 2833 familiae
2229 2792 2375 2843 fruga-

133 2859 231 2899 litas
259 2861 505 2911 videretur).

333 2925 475 2966 Etiam
506 2925 749 2967 Chelidonis
779 2927 942 2967 amicae
971 2927 1141 2966 nomine
1161 2926 1341 2966 Verrem
1370 2926 1503 2966 illudit
1532 2927 1562 2966 I.
1601 2940 1673 2976 104
1706 2927 1804 2977 „qui
1833 2926 2056 2977 auspicato
2086 2937 2113 2964 a
2142 2922 2385 2964 Chelidone·
2423 2933 2443 2942 ·‘

135 2993 417 3039 surrexisset,
457 2999 618 3032 sortem
656 2999 808 3033 nactus
847 3000 914 3032 est
952 2995 1142 3032 urbanae
1176 2992 1424 3043 provinciae
1463 2992 1604 3042 („quia
1642 2993 1837 3031 chelidon
1875 2993 1901 3031 i.
1942 3004 1978 3030 e.
2016 2990 2198 3028 hirundo
2226 2988 2374 3027 urbem

318 366 374 405 de
401 378 488 405 aer.
520 366 570 404 al.
601 364 712 405 Mil.:
744 366 857 418 Quid
886 367 1049 418 pudeat
1076 366 1290 406 hominem
1325 377 1410 404 non
1443 364 1571 403 modo
1609 364 1701 403 sine
1739 364 1963 411 rubore,
2004 376 2153 405 verum
2190 348 2369 417 omnino,
2428 347 2443 384 ᾖ
