2443 3259
1067 109 1342 146 -15-

5 233 71 281 js
91 247 255 300 „mter
288 245 336 282 te
373 239 567 290 appe110“
601 251 657 278 ex
686 239 862 279 Pacuvii
890 240 1040 285 Ilione,
1071 241 1187 289 quod
1216 240 1387 291 Appius
1416 241 1559 278 subito
1589 252 1828 290 exsurgens
1858 252 1915 278 ex
1945 239 2102 277 tabulis
2130 239 2321 278 dicturus

74 298 316 351 v‘videbatur
343 307 463 357 (126).

19 375 28 379 ”
67 418 70 420 ,
213 405 221 408 ..
284 385 327 424 p.
359 371 473 411 Cael.
510 371 568 410 18.
606 371 787 410 Medeae
816 372 1034 412 Ennianae
1063 373 1279 412 versibus:
1311 372 1538 410 Utinamne
1566 372 1609 409 in
1637 384 1810 410 nemore
1839 371 1956 410 Pelio
1987 377 2068 410 etc.
2099 371 2321 422 conqueri-

89 433 159 480 tur
186 437 395 481 Caelium,
436 438 649 475 conducta
677 438 720 475 in
749 438 914 476 Palatio
945 439 1085 482 domo,
1125 444 1304 488 propter
1343 437 1603 476 vicinitatem
1642 450 1668 475 a
1707 437 1855 476 Clodia
1888 438 2107 486 ⁷‚Palatina
2136 438 2317 476 Medea⁴⁴

24 555 28 557 ‚
88 502 314 556 pellectum
352 513 469 547 esse,
521 504 583 550 36.
624 502 813 553 ejusdem
851 504 1119 542 mulierculae
1156 503 1372 541 minimum
1415 502 1589 541 fratrem
1630 503 1791 540 comico
1831 504 2017 552 quodam
2056 515 2185 540 versu
2223 515 2319 540 cum

90 555 238 608 sorore
266 568 381 618 loqui
419 567 543 612 facit,
586 581 649 616 37.
680 570 823 606 verbis
855 569 1103 607 Caecilianis
1133 582 1319 619 persona
1348 569 1482 618 patris
1512 570 1639 606 modo
1669 570 1932 607 vehementis
1962 576 2006 607 et
2035 569 2150 613 duri,
2189 570 2318 607 modo

87 635 192 674 lenis
222 640 265 673 et
295 634 513 672 clementis
543 641 712 684 sumpta
743 634 928 673 Caelium
959 642 1137 686 propter
1166 635 1447 673 meretriciam
1476 634 1601 671 istam
1632 634 1891 672 vicinitatem
1917 634 2066 683 jocose
2102 634 2316 685 objurgat.

284 700 327 737 in
355 699 440 738 Pis.
472 702 536 738 61.
568 701 800 739 consularis
835 701 1213 739 administrationis
1252 701 1439 738 rationes
1479 700 1567 738 eius
1607 700 1713 737 scite
1749 707 1792 737 et
1831 700 2017 738 litterate
2054 700 2318 751 perscriptas

22 808 27 813 ,
88 767 284 805 Plautino
323 766 509 804 carmine
547 773 693 805 notat:
734 768 868 815 „ratio
908 768 1078 818 quidem
1115 768 1257 806 hercle
1286 773 1480 818 apparet,
1512 772 1736 816 argentum
1766 764 1956 814 οὶ’χεται“,
1987 766 2103 816 quod
2132 766 2316 805 scribam

88 838 218 883 caput
246 832 418 870 sinistra
446 845 572 870 manu
601 833 902 883 perfricantem
932 840 1331 871 commurmuratum
1361 845 1456 871 esse
1491 833 1603 870 dicit.

283 897 389 935 Phil.
419 897 471 935 H.
504 900 567 946 65.
613 898 841 947 (Antonius
881 900 923 937 in
963 898 1037 937 Cn.
1075 899 1252 949 Pompei
1296 899 1442 949 copias
1483 911 1577 936 cum
1617 910 1663 936 se
1701 898 2031 948 ingurgitasset‚
2070 899 2317 937 exsultabat

86 962 246 1014 gaudio
275 975 462 1014 persona
492 964 545 1001 de
573 963 722 1009 mimo,
753 965 880 1002 modo
911 977 1066 1015 egens,
1106 971 1283 1015 repente
1313 965 1444 1002 dives.
1504 963 1612 1008 Sed,
1653 970 1699 1002 ut
1728 971 1793 1002 est
1824 965 1938 1014 apud
1967 972 2140 1014 poetam
2170 965 2315 1002 nescio

87 1040 213 1078 quem
245 1029 379 1077 „male
408 1035 533 1079 parta
561 1030 670 1066 male
700 1030 966 1068 dilabuntur‘2
999 1037 1079 1069 etc.
1145 1044 1241 1077 104:
1286 1032 1353 1078 (de
1383 1029 1588 1067 Varronis
1618 1029 1749 1068 fundo
1780 1031 1836 1068 ab
1866 1030 2058 1068 Antonio
2089 1032 2315 1080 occupato)

92 1106 142 1143 „o
171 1100 288 1133 tecta
316 1094 472 1132 misera
502 1107 629 1144 quam
659 1095 819 1146 dispari
849 1096 1060 1134 domino“.

283 1160 403 1199 XIII.
435 1175 498 1209 49.
546 1161 692 1209 „Prius
731 1162 854 1199 undis
893 1162 1084 1208 flamma,
1134 1176 1259 1212 quam
1309 1169 1382 1201 aut
1430 1175 1524 1201 cum
1572 1162 1772 1201 Antoniis
1820 1162 2061 1212 respublica
2104 1169 2177 1200 aut
2220 1174 2314 1200 cum

85 1226 303 1277 republica
331 1226 511 1266 Antonii
540 1228 717 1266 redeant
747 1228 789 1266 in
817 1229 1040 1278 gratiam“.

1040 1342 1076 1388 5)
1129 1340 1365 1378 Proverbia

85 1437 111 1462 a
141 1423 345 1464 Cicerone
374 1426 417 1463 in
446 1426 557 1464 idem
586 1437 723 1477 genus
753 1425 988 1465 coiciuntur
1017 1439 1067 1465 ac
1097 1440 1268 1473 versus,
1306 1428 1396 1465 sine
1426 1427 1555 1464 dubio
1586 1427 1685 1476 quia
1714 1438 1879 1470 eorum,
1917 1426 2117 1475 quoniam
2155 1426 2314 1475 aliquid

85 1491 252 1529 aliunde
280 1499 428 1530 notum
449 1491 644 1536 afferunt,
676 1493 862 1530 audienti
883 1493 1065 1531 iucunda
1085 1502 1150 1532 est
1172 1493 1532 1532 commemoratio.
1592 1492 1712 1542 Quae
1732 1494 1813 1530 huc
1834 1492 2050 1542 pertinent
2069 1498 2167 1531 sunt
2187 1493 2312 1531 haec:

281 1570 322 1607 p.
353 1557 486 1595 Rosc.
518 1558 615 1595 Am.
647 1561 710 1596 80.
742 1558 911 1602 videris,
944 1558 1081 1604 Eruci,
1114 1573 1198 1598 una
1226 1560 1423 1597 mercede
1453 1560 1559 1596 duas
1588 1571 1656 1596 res
1686 1558 1855 1608 assequi
1886 1558 2004 1596 velle.

281 1623 322 1660 in
343 1622 466 1661 Verr.
489 1623 519 1661 Ι.
544 1637 606 1672 53.
629 1624 905 1668 citharistam,
937 1625 990 1663 de
1020 1637 1104 1673 quo
1135 1638 1266 1675 saepe
1295 1625 1473 1663 audistis
1503 1625 1545 1662 id
1576 1625 1690 1673 quod
1720 1630 1786 1662 est
1802 1621 1978 1662 Graecis
2006 1625 2246 1663 hominibus
2271 1625 2314 1662 in

84 1688 328 1738 proverbio,
351 1701 477 1739 quem
497 1690 638 1727 omnia
657 1689 770 1728 intus
792 1701 946 1728 canere
967 1690 1179 1736 dicebant,
1203 1690 1371 1729 sustulit
1393 1690 1521 1739 (quod
1550 1690 1825 1739 proverbium
1855 1701 1908 1727 ne
1937 1689 2114 1728 Asconii
2144 1691 2313 1740 quidem

84 1753 437 1804 interpretatione
476 1755 581 1793 satis
621 1755 772 1805 liquet,
814 1758 890 1794 sed
928 1757 1039 1795 idem
1078 1757 1205 1795 etiam
1245 1757 1299 1794 de
1336 1757 1418 1806 leg.
1459 1769 1549 1808 agr.
1589 1756 1639 1794 II.
1682 1758 1754 1793 68:
1798 1756 1903 1802 ..hoc
1934 1767 2102 1794 carmen
2130 1756 2199 1794 hic
2228 1768 2313 1794 non

84 1820 230 1866 vobis,
261 1822 338 1859 sed
367 1821 448 1859 sibi
477 1822 589 1860 intus
620 1822 758 1860 canit⁴⁴
791 1823 844 1860 de
874 1835 926 1861 eo
956 1830 1205 1874 usurpatur,
1244 1823 1315 1873 qui
1345 1822 1435 1873 agit
1464 1822 1640 1873 aliquid,
1682 1822 1798 1860 cuius
1835 1822 1991 1860 utilitas
2020 1823 2074 1860 ad
2103 1822 2312 1860 neminem

84 1885 209 1923 aliurn
238 1894 411 1937 praeter
439 1888 577 1937 ipsum
607 1889 855 1937 perveniat).

280 1952 403 1992 Verr.
442 1953 516 1991 IV.
564 1967 630 1992 12:
679 1954 904 2001 „Profecto
944 1955 1040 1993 hinc
1080 1955 1118 2004 (i.
1159 1968 1194 1993 e.
1226 1954 1373 1993 Verris
1412 1955 1606 1993 simulata
1645 1954 1842 2003 emtione)
1881 1960 2026 1992 natum
2064 1960 2152 1993 est:
2201 1954 2312 1993 malo

84 2029 225 2057 emere
255 2031 382 2068 quam
411 2021 606 2069 rogare.“

280 2097 321 2136 p.
353 2084 491 2123 Flacc.
523 2087 596 2132 46:
631 2084 737 2131 „Hic
766 2086 908 2123 hercle
938 2086 1094 2123 cornici
1124 2086 1301 2130 oculum,
1333 2092 1380 2123 ut
1409 2086 1584 2123 dicitur⁴‘
1618 2093 1660 2123 et
1690 2099 1729 2136 p.
1762 2086 1869 2123 Mur.
1888 2099 1907 2123 2
1916 2098 1959 2133 5:
1994 2085 2094 2131 ,.Cn.
2125 2084 2311 2130 Flavius,

84 2149 156 2197 qui
185 2152 400 2188 cornicum
430 2151 575 2189 oculos
605 2150 855 2189 confixerit⁴‘
889 2151 941 2189 cf.
973 2151 1114 2190 Schol.
1145 2151 1254 2189 Bob.
1286 2152 1340 2189 ad
1371 2151 1508 2189 Flacc.

278 2217 382 2256 Phil.
414 2217 534 2256 XIII.
568 2229 630 2266 27.
661 2217 759 2255 illud
789 2230 958 2263 verum,
999 2218 1113 2268 quod
1143 2218 1183 2255 in
1214 2218 1295 2255 hoc
1325 2218 1482 2255 Planco
1513 2217 1727 2268 proverbii
1759 2217 1850 2255 loco
1881 2216 1961 2254 dici
2001 2216 2130 2261 solet,
2172 2217 2313 2267 perire

84 2292 177 2318 eum
207 2294 292 2320 non
321 2295 463 2332 posse,
495 2284 573 2320 nisi
604 2284 640 2320 ei
673 2296 795 2321 crura
824 2283 961 2321 fracta
992 2290 1147 2321 essent.
1207 2283 1362 2321 Fracta
1392 2290 1489 2321 sunt
1519 2290 1562 2321 et
1591 2284 1707 2321 vivit.

685 2395 721 2441 6)
752 2392 1005 2443 Exemplum
1035 2394 1239 2431 eiusmodi
1268 2399 1315 2431 ut
1344 2405 1411 2431 res
1442 2394 1496 2430 ad
1527 2394 1714 2438 verbum,

82 2489 166 2516 non
197 2479 252 2516 ad
281 2480 534 2518 sententiam
565 2481 809 2531 accipiatur,
840 2481 994 2519 nullum
1024 2481 1185 2525 inveni,
1226 2481 1304 2519 nisi
1335 2481 1543 2530 quaedam
1574 2480 1773 2530 ambigue
1803 2479 1916 2518 dicta
1945 2480 2027 2517 huc
2056 2479 2311 2520 referuntur.

900 2593 935 2640 7)
965 2591 1206 2629 Immutatio
1238 2592 1494 2641 (Allegorie).

278 2675 400 2716 Verr.
440 2677 513 2717 IV.
558 2690 591 2729 7.
638 2677 810 2728 (Verres
858 2679 1040 2730 signum)
1094 2679 1247 2717 nullum
1286 2678 1453 2727 reliquit
1490 2684 1662 2728 praeter
1699 2689 1826 2713 unum
1866 2684 2070 2726 pervetus
2110 2678 2310 2727 ligneum,

81 2739 246 2777 Bonam
276 2742 522 2788 Fortunam,
552 2752 599 2781 ut
629 2746 802 2794 opinor;
834 2758 927 2782 eam
957 2746 1038 2782 iste
1067 2747 1226 2782 habere
1256 2745 1369 2781 domi
1399 2756 1501 2781 suae
1530 2743 1673 2781 noluit.

278 2808 333 2846 ib.
364 2815 409 2847 at
438 2823 523 2848 non
553 2810 799 2859 requirebat
827 2810 894 2848 ille
920 2809 1085 2861 Cupido
1116 2810 1276 2849 lenonis
1307 2809 1475 2847 domum
1496 2820 1546 2847 ac
1566 2807 1846 2847 meretriciam
1867 2807 2155 2859 disciplinam:
2186 2808 2312 2848 facile

80 2869 150 2908 illo
178 2874 366 2911 sacrario
395 2876 537 2924 patrio
567 2876 877 2915 continebatur.

0 2953 91 2971 κη
142 2974 147 2978 ,
277 2951 319 2988 p.
358 2940 469 2978 dom.
517 2955 601 2980 110.
642 2942 695 2979 de
725 2942 933 2981 libertate.
993 2942 1097 2981 Eam
1137 2948 1181 2980 tu
1222 2942 1335 2980 domi
1374 2953 1494 2979 meae
1532 2941 1769 2985 collocasti,
1810 2953 1936 2990 quam
1977 2952 2033 2978 ex
2073 2942 2179 2980 urbe
2217 2948 2312 2981 tota

67 3059 72 3064 ἱ
81 3002 287 3042 sustulisti
298 3005 314 3041 ?

1 3187 39 3201 ..,»k

0 3201 81 3259 ι-
