2443 3259
53 304 229 339 tantem.
286 298 436 349 Atque
464 305 603 338 totum
631 299 732 338 illud
768 300 900 339 risum
938 311 1114 338 movere
1152 299 1258 344 leve,
1298 298 1376 337 sed
1403 297 1530 349 plane
1559 297 1742 337 oratoris
1772 309 1869 337 esse
1897 309 1950 336 ac
1976 280 2228 366 multans*

52 370 97 404 et
123 364 307 405 facetias
336 365 378 403 in
408 365 589 403 dicendo
619 365 763 404 valere
794 366 915 410 dicit,
956 366 1072 415 quod
1108 364 1300 402 hilaritas
1330 363 1491 402 oratori
1520 363 1864 401 benevolentiam
1893 361 2219 408 concilis-fane·

51 430 318 470 mirationem
332 460 341 476 ,
379 437 453 469 aut
492 430 669 482 frangat
688 428 751 470 ‘et
789 432 995 482 impediat
1035 430 1348 474 adversarium,
1387 434 1462 468 aut
1496 428 1711 468 tristitiam
1740 441 1792 468 ac
1821 429 2097 469 severitatem
2124 425 2295 484 mitiget

53 495 314 547 odiosasque
342 508 412 535 res
441 509 586 547 saepe,
618 509 726 547 quas
755 497 1020 548 argumentis
1050 496 1151 534 dilui
1179 507 1264 534 non
1293 494 1418 533 facile
1446 494 1513 540 sit,
1553 494 1649 533 ioco
1677 494 1851 545 risuque
1879 494 2100 535 dissolvat.
2140 493 2295 546 Addit

50 567 195 601 autem
224 563 433 612 quasdam
463 562 706 601 cautiones:
748 562 975 613 diligenter
1013 562 1242 600 videndum
1272 573 1368 599 esse
1403 560 1584 605 oratori,
1625 565 1836 610 quatenus
1865 560 2042 598 ridicula
2070 560 2156 600 sint
2183 554 2295 601 trac-
2326 593 2340 610 -.

49 628 204 666 tanda:
244 640 343 666 nam
382 640 461 667 nec
491 629 703 678 insignem
734 635 777 666 et
807 629 967 666 scelere
996 629 1183 666 iunctam
1212 626 1530 676 improbitatem
1558 638 1638 664 nec
1667 638 1813 664 rursus
1841 626 2054 665 miseriam
2081 615 2294 685 insignem
2352 621 2356 627 ’
2379 647 2443 691 ²3}

49 692 138 730 risu
168 704 265 732 esse
294 694 558 744 agitandam.
616 694 785 732 Pariter
814 695 856 732 in
887 693 1006 732 Orat.
1041 695 1103 738 26,
1135 694 1199 730 88.
1230 691 1404 730 ridiculo
1434 691 1495 729 uti
1530 697 1651 729 vetat
1681 697 1896 729 oratorem
1923 691 1965 730 in
1996 691 2292 739 calamitatem,
2316 705 2320 709 ’
2375 688 2443 748 27³}

49 769 105 795 ne
133 758 408 797 inhumanum
437 760 652 805 videatur,
684 767 758 797 aut
787 761 828 797 in
858 760 1036 803 facinus,
1076 771 1130 795 ne
1160 759 1244 795 odii
1280 759 1416 794 locum
1445 757 1554 794 risus
1593 764 1789 806 occupet.
1837 757 1990 806 Itaque
2018 757 2214 796 facillime
2231 769 2294 796 ea

49 822 136 862 ludi
172 830 319 874 putat,
360 838 472 874 quae
509 839 648 875 neque
683 826 782 864 odio
812 838 970 875 magno
999 838 1139 874 neque
1168 823 1458 862 misericordia
1486 822 1676 862 maxima
1703 822 1835 874 digna
1864 823 1970 869 sint,
2001 829 2045 863 et
2073 823 2294 863 materiem
2417 834 2443 866 ⁴3

50 898 148 926 esse
187 900 355 928 ornnem
399 889 670 928 ridiculorum
718 890 760 928 in
808 890 901 928 istis
950 889 1086 935 vitiis,
1136 901 1245 939 quae
1294 888 1378 926 sint
1426 888 1468 926 in
1516 888 1607 926 vita
1654 888 1870 926 hominum
1917 900 2057 938 neque
2100 900 2294 929 carorum

49 966 190 1004 neque
236 956 580 993 calamitosorum
624 968 765 1005 neque
808 968 976 1000 eorum,
1022 957 1093 1004 qui
1134 957 1190 992 ob
1229 955 1394 992 facinus
1432 955 1488 992 ad
1527 954 1779 1004 supplicium
1817 955 2011 1004 rapiendi
2050 956 2293 999 videantur;

49 1031 148 1058 esse
176 1020 306 1058 etiam
335 1021 378 1059 in
407 1020 680 1060 deformitate
711 1029 753 1059 et
784 1022 976 1071 corporis
1007 1021 1142 1065 vitiis,
1181 1022 1258 1059 sed
1293 1022 1374 1059 hoc
1404 1020 1589 1059 maxime
1618 1020 1660 1058 in
1694 1032 1854 1070 genere
1888 1020 2115 1071 diligenter
2147 1019 2295 1060 viden-

49 1086 162 1131 dum,
207 1091 419 1135 quatenus
464 1087 628 1125 deceat.
687 1087 786 1125 Duo
830 1093 973 1125 autem
1018 1099 1113 1125 esse
1157 1088 1247 1125 vult
1289 1099 1450 1137 genera
1493 1085 1757 1131 facetiarum,
1802 1098 1983 1136 quorum
2020 1086 2201 1125 alterum
2236 1098 2293 1125 re

48 1157 270 1197 tractetur,
301 1152 480 1190 alterum
510 1153 674 1191 dicto.
735 1152 882 1197 „Haec
922 1153 1052 1203 igitur
1082 1153 1137 1191 sit
1176 1154 1312 1203 prima
1350 1152 1544 1203 partitio:
1585 1153 1699 1202 quod
1737 1151 1879 1191 facete
1908 1153 2086 1197 dicatur,
2116 1152 2159 1190 id
2188 1152 2293 1191 alias

49 1218 92 1256 in
120 1230 176 1256 re
204 1218 378 1264 habere,
410 1218 515 1256 alias
545 1218 588 1256 in
618 1220 791 1257 verbo
821 1218 1022 1264 facetias;
1059 1219 1245 1257 maxime
1274 1226 1418 1257 autem
1447 1219 1640 1257 homines
1671 1219 1885 1264 delectari,
1917 1219 1952 1257 si
1982 1219 2153 1268 quando
2183 1218 2292 1257 risus

49 1284 276 1322 coniuncte
305 1297 360 1322 re
390 1286 679 1334 verboque
708 1291 973 1322 moveatur.“

248 1348 550 1399 Quaerendum
587 1350 718 1400 igitur
752 1357 818 1388 est
849 1351 951 1400 quid
981 1350 1061 1388 sibi
1091 1350 1193 1388 velit
1222 1349 1320 1388 illud
1351 1362 1441 1394 „re
1471 1349 1688 1388 tractari“.
1746 1349 1816 1388 Re
1846 1357 1989 1388 autem
2018 1356 2085 1388 est
2112 1349 2294 1401 primum

47 1415 91 1453 id
129 1415 371 1460 ridiculum,
412 1417 527 1465 quod
567 1428 624 1453 ex
664 1416 849 1465 quadam
887 1416 1123 1453 imitatione
1163 1422 1206 1453 et
1234 1416 1421 1468 maxime
1450 1416 1620 1464 quidem
1651 1428 1707 1453 ex
1738 1416 1977 1465 depravata
2006 1416 2114 1455 sumi
2143 1416 2291 1460 soleat,

48 1493 145 1520 cum
175 1481 289 1524 eius,
319 1482 374 1520 de
404 1494 489 1530 quo
519 1494 687 1526 narres,
718 1495 881 1526 mores,
913 1494 1075 1527 sermo,
1106 1494 1217 1526 vox,
1254 1481 1416 1526 voltus,
1453 1487 1604 1531 gestus
1634 1481 1948 1532 exprimuntur;
1989 1494 2118 1531 quam
2154 1481 2293 1521 imita·-

47 1546 230 1592 tionem,
270 1546 306 1585 si
345 1546 474 1585 nimia
514 1547 590 1591 sit,
630 1559 725 1585 esse
752 1548 974 1586 mimorum
1005 1547 1106 1585 dicit
1143 1553 1185 1585 et
1221 1546 1381 1584 oratori
1420 1559 1551 1597 parce
1589 1546 1888 1584 adhibendam.
1946 1546 2043 1585 Hoc
2073 1547 2292 1585 ridiculum

46 1612 180 1664 igitur
209 1611 257 1650 fit
285 1612 368 1657 ita,
409 1619 455 1650 ut
485 1619 632 1651 orator
661 1626 747 1651 non
777 1615 922 1652 verbis
963 1614 1200 1657 describat,
1242 1613 1318 1649 sed
1347 1618 1421 1650 aut
1451 1613 1515 1650 sui
1546 1613 1738 1663 corporis
1773 1618 1892 1650 motu
1931 1619 2144 1663 gestuque
2183 1624 2290 1658 eum,

48 1679 168 1716 cuius
209 1679 315 1716 vitia
353 1679 596 1727 exprimere
636 1680 738 1723 vult,
779 1681 979 1724 imitetur,
1020 1686 1094 1717 aut
1131 1680 1213 1717 alio
1249 1680 1435 1726 quodam
1463 1680 1590 1716 modo
1621 1679 1750 1726 (velut
1778 1679 1965 1728 imagine
1994 1679 2220 1729 proposita
2248 1684 2293 1717 et

47 1744 181 1783 oculis
220 1743 428 1794 subiecta)
468 1744 598 1783 risum
636 1751 821 1783 moveat.
880 1744 1019 1783 Huius
1058 1744 1325 1790 imitationis,
1362 1744 1442 1783 etsi
1472 1743 1660 1783 oratoria
1700 1757 1796 1783 esse
1834 1750 2002 1795 potest,
2042 1744 2085 1783 in
2121 1743 2291 1795 scriptis

47 1810 316 1849 orationibus
354 1810 598 1862 exemplum
637 1816 790 1850 extare
827 1817 900 1850 aut
931 1811 1135 1862 cognosci
1166 1823 1251 1849 non
1281 1816 1447 1861 potest;
1488 1810 1635 1860 itaque
1670 1822 1721 1849 ea
1755 1810 1933 1855 omissa,
1970 1822 2077 1860 quas
2111 1809 2292 1849 facetias

48 1875 199 1914 Cicero
232 1883 406 1927 praeter
441 1889 535 1915 eam
569 1878 612 1915 in
641 1889 688 1915 re
718 1878 882 1928 positas
913 1889 1010 1915 esse
1039 1877 1155 1914 dicat
1185 1877 1422 1914 videamus!
1467 1877 1659 1915 Pertinet
1689 1877 1801 1914 enim
1829 1878 1911 1914 huc
1940 1878 1983 1915 id
2012 1889 2149 1927 genus
2177 1876 2293 1914 face-

46 1942 202 1980 tiarum
232 1942 324 1980 sive
353 1943 533 1993 leporis,
564 1944 680 1992 quod
719 1949 785 1981 est
823 1943 1106 1993 aequabiliter
1143 1943 1186 1981 in
1228 1943 1341 1981 omni
1380 1955 1574 1981 sermone
1613 1942 1755 1981 fusum
1794 1943 2040 1991 (cavillatio,
2080 1947 2292 1994 perpetua

46 2007 286 2054 festivitas,
325 2007 509 2048 facetiae
547 2008 722 2060 proprie
761 2009 937 2058 dictae),
979 2021 1075 2047 cum
1114 2009 1271 2059 aliquid
1310 2015 1514 2059 tanquam
1553 2009 1694 2059 aliqua
1733 2008 1890 2048 fabella
1934 2014 2150 2054 narratur,
2198 2007 2291 2046 sive

45 2074 183 2112 habes
226 2087 328 2112 vere
372 2076 488 2125 quod
533 2088 707 2113 narrare
752 2076 911 2125 possis,
958 2076 1074 2124 quod
1118 2081 1261 2113 tamen
1300 2081 1367 2112 est
1414 2076 1772 2113 mendaciunculis
1816 2076 2155 2126 aspergendum,
2200 2074 2291 2113 sive

46 2137 196 2190 fingis3
242 2141 542 2179 describuntur
580 2141 710 2191 igitur
759 2142 974 2179 hominum
1022 2153 1163 2179 mores
1212 2147 1255 2178 et
1303 2141 1364 2178 ita
1413 2140 1693 2191 effinguntur,
1741 2147 1789 2179 ut
1835 2154 1882 2179 re
1929 2147 2103 2179 narrata
2150 2140 2291 2190 aliqua

46 2206 194 2255 quales
248 2207 333 2245 sint
384 2207 697 2258 intelligantur;
756 2221 853 2246 nam
915 2220 1116 2253 „narrare
1189 2220 1299 2257 quae
1358 2206 1470 2245 salsa
1527 2207 1612 2245 sint
1667 2207 1857 2258 inprimis
1915 2208 2079 2258 subtile.
2125 2212 2192 2245 est
2247 2211 2292 2245 et

46 2272 307 2311 oratorium“
358 2271 501 2322 Quint.
546 2272 620 2312 VI.
658 2287 693 2321 3.
741 2286 803 2321 39.
862 2274 911 2312 In
950 2286 996 2312 re
1036 2279 1201 2318 autern,
1241 2286 1326 2311 non
1365 2273 1407 2311 in
1445 2273 1589 2312 verbis
1632 2273 1777 2324 posita
1823 2280 1891 2313 est
1934 2273 2046 2313 salsa
2088 2271 2289 2317 narratio,

46 2338 248 2386 quoniam
296 2338 361 2382 id,
415 2339 552 2387 quod,
607 2339 932 2388 quibuscunque
985 2340 1129 2377 verbis
1183 2339 1344 2377 dixeris
1362 2369 1370 2383 ,
1423 2339 1609 2377 facetum
1661 2345 1805 2377 tamen
1858 2346 1924 2377 est
1976 2351 2055 2377 nec
2116 2337 2290 2376 mutatis

45 2403 191 2441 verbis
259 2404 390 2441 salem
450 2404 628 2449 amittit,
697 2417 744 2442 re
810 2405 1064 2442 continetur.
1153 2404 1225 2441 Ad
1290 2405 1372 2442 hoc
1437 2417 1574 2455 genus
1630 2405 1939 2443 adscribendae
2006 2411 2106 2443 sunt
2162 2403 2288 2442 etiam

44 2469 315 2508 narrationes
350 2469 631 2520 apologorum
668 2477 711 2509 et
750 2470 997 2509 collationes
1036 2477 1111 2509 aut
1149 2483 1206 2509 ex
1244 2470 1423 2509 historia
1452 2478 1526 2509 aut
1555 2483 1612 2509 ex
1641 2470 1912 2509 similitudine
1940 2476 2107 2509 tractae
2136 2474 2180 2508 et
2207 2468 2288 2513 illa,

46 2547 158 2584 quae
187 2535 401 2574 minuendi
429 2542 504 2574 aut
533 2536 719 2586 augendi
749 2549 880 2574 causa
909 2537 963 2574 ad
993 2536 1281 2574 incredibilem
1308 2536 1629 2575 admirationem
1658 2535 1903 2580 efferuntur,
1934 2541 1978 2574 et
1997 2534 2287 2579 dissimulatio,

46 2611 142 2639 cum
184 2606 279 2640 tota
322 2601 517 2640 oratione
561 2613 711 2639 severe
754 2602 875 2647 ludis,
922 2614 1016 2640 curn
1056 2602 1179 2640 aliter
1218 2602 1351 2640 sentis
1390 2615 1440 2641 ac
1479 2602 1663 2652 loqueris
1703 2607 1777 2640 aut
1817 2613 1912 2640 cum
1940 2601 2124 2639 honesto
2154 2600 2289 2639 verbo

45 2664 203 2704 vitiosa
231 2678 300 2704 res
329 2667 569 2716 appellatur
597 2674 671 2704 aut
701 2679 757 2705 ex
788 2667 962 2705 alterius
992 2667 1187 2705 oratione
1217 2667 1329 2705 aliud
1351 2668 1516 2718 excipis
1541 2674 1673 2717 atque
1693 2668 1760 2705 ille
1780 2667 1883 2711 volt,
1913 2674 1987 2704 aut
2016 2678 2102 2704 non
2130 2664 2288 2704 videris

44 2731 285 2781 intelligere
314 2732 431 2780 quod
459 2731 671 2781 intelligas
701 2739 744 2769 et
774 2733 896 2782 quasi
926 2745 1005 2782 per
1025 2733 1402 2771 dissimulationem
1432 2734 1531 2781 (non
1558 2733 1833 2783 intelligendi)
1863 2731 2132 2770 subabsurde
2160 2730 2289 2768 salse-
2336 2740 2348 2745 ”

45 2807 131 2846 que
161 2795 279 2834 dicis.
338 2794 584 2847 Sequuntur
602 2796 800 2835 nonnulla
820 2797 1007 2842 ridicula,
1039 2809 1150 2846 quae
1171 2810 1197 2835 a
1219 2796 1424 2836 Cicerone
1453 2799 1660 2849 exemplis
1690 2798 1828 2850 magis
1857 2798 2131 2841 illustrantur,
2161 2806 2289 2846 quam

45 2859 293 2901 definitione
337 2861 618 2913 explicantur,
663 2863 740 2901 sed
783 2863 890 2900 haec
934 2868 1022 2901 tam
1062 2862 1293 2913 singularia
1333 2869 1442 2909 sunt,
1486 2870 1533 2903 ut
1571 2865 1614 2903 in
1653 2870 1771 2903 certa
1809 2874 1971 2916 genera
2001 2861 2174 2901 discribi
2201 2871 2288 2898 non

44 2926 225 2978 possint.
284 2927 437 2977 Itaque
466 2927 614 2966 Cicero
645 2929 824 2966 facetias
855 2941 941 2973 eas,
973 2941 1085 2977 quae
1114 2936 1213 2966 sunt
1242 2930 1293 2966 in
1323 2943 1379 2967 re
1409 2937 1461 2968 et
1491 2932 1802 2975 sententia,
1832 2931 1899 2967 his
1929 2928 2160 2979 generibus
2189 2919 2291 2965 con··>
2350 2935 2384 2939 ·’

43 2992 170 3031 tineri
198 2992 324 3032 dicit:

2334 1549 2375 1577 --N
2416 1542 2420 1545 '

2375 1572 2443 1637 Ns,
