2443 3259
209 275 213 280 Δ
242 270 244 273 ,
273 228 282 260 T
292 224 295 227 ’
322 213 777 280 s1)·77‘expectationibus
806 228 1067 280 decipiendis
1095 227 1439 278 (Unerwartetes)
1481 230 1569 276 284.

223 291 226 294 ’
265 290 287 311 ”
310 334 312 336 ,
337 297 374 347 2)
402 293 567 335 naturis
594 294 771 334 aliorum
799 295 1023 334 irridendis
1052 294 1285 344 (komische
1315 293 1669 343 Charakteristik)
1716 296 1805 341 264.

336 361 374 412 ’3)
402 359 564 400 naturis
592 360 782 411 ipsorum
811 361 985 400 ridicule
1012 359 1249 400 iudicandis
1278 360 1461 410 (witzige
1491 358 1947 410 Selbstverspottung).

295 433 297 435 ’
334 428 373 476 4)
402 420 672 465 similitudine
700 427 901 477 turpioris
931 427 1220 476 (Karrikatur)
1266 429 1356 465 266.

336 494 374 543 5)
403 491 736 531 dissimulatione
766 492 931 543 (Ironie)
977 495 1067 541 269.

335 559 373 608 6)
402 558 672 596 subabsurda
701 558 881 597 dicendo
910 558 1150 605 (scheinbar
1179 556 1398 607 einfaltige
1428 546 1706 607 Ausserung).

336 625 373 673 7)
403 624 533 662 stulta
560 624 913 673 reprehendendo
943 622 1214 673 (Geisselung
1242 623 1318 661 der
1347 623 1566 671 Thorheit)
1614 625 1701 660 280.

268 698 407 738 Venio
434 711 544 738 nunc
570 699 626 737 ad
650 699 828 738 alterum
853 711 990 749 genus
1011 699 1271 744 facetiarum,
1303 700 1419 749 quod
1447 700 1606 738 verbi
1635 700 1851 738 ratione
1881 708 1933 738 et
1962 700 2014 737 vi
2044 699 2297 744 continetur,

35 765 320 819 ,peracutum
349 769 393 803 et
429 765 581 810 breve,
621 764 911 810 dicacitatem,
953 765 1006 803 de
1045 778 1129 816 qua
1158 766 1300 816 agitur
1329 766 1382 803 de
1412 778 1471 803 or.
1502 765 1552 803 II.
1584 768 1648 803 60.
1683 778 1785 814 244„
1816 765 1908 803 sive
1936 765 2154 804 ridiculum
2183 765 2299 814 quod

9 858 31 861 ss-
61 819 139 870 rest
165 826 210 868 in
238 831 456 868 celeritate
485 838 616 879 atque
646 832 782 875 dicto,
822 833 863 868 in
899 832 1096 880 jaciendo
1132 833 1425 880 mittendoque
1460 832 1635 868 ridiculo
1665 833 1739 877 (or.
1772 834 1870 879 87.),
1911 833 2024 879 quod
2064 831 2185 868 verbi
2222 838 2297 869 aut

16 900 18 903 ’
71 896 309 937 sententiae
338 897 524 946 quodam
552 896 744 935 acumine
773 904 990 943 movetur,
1030 898 1146 947 quod
1175 897 1347 936 mutatis
1378 897 1521 936 verbis
1551 897 1681 936 salem
1710 896 1886 942 amittit,
1922 897 1965 936 in
1994 896 2136 936 verbis
2164 896 2297 936 habet

47 961 257 1014 'leporem
286 973 474 1008 omnem;
507 960 678 1012 Quintil.
707 965 742 1000 6.
773 976 807 1011 3.
831 976 879 1011 43
909 963 1207 1013 J'aculationem
1237 965 1463 1001 verborum
1493 970 1535 1001 et
1564 964 1768 1001 inclusam
1797 963 1984 1001 breviter
2011 963 2296 1001 urbanitatem

31 1078 35 1080 Ἴ
69 1034 211 1066 vocat.
269 1027 488 1067 Dicacitas
518 1035 682 1073 autem,
714 1030 874 1067 oratori
905 1031 1141 1067 cavendum
1171 1036 1257 1074 est,
1288 1042 1342 1068 ne
1372 1030 1555 1068 scurrilis
1585 1030 1801 1074 videatur;
1842 1042 1939 1067 nam
1968 1029 2096 1067 etiam
2125 1041 2297 1067 scurrae

21 1116 23 1118 ·
69 1100 169 1133 sunt
197 1094 389 1139 dicaces,
429 1095 505 1132 sed
534 1095 598 1139 hi,
638 1102 684 1133 ut
713 1096 874 1133 ridiculi
903 1095 1149 1139 videantur,
1190 1107 1268 1133 nec
1298 1096 1502 1145 temporis
1532 1107 1610 1133 nec
1640 1107 1848 1144 personae
1877 1095 2084 1133 rationem
2112 1095 2295 1132 habent:

41 1164 44 1167 ’
70 1159 309 1215 dicacitatis
344 1160 476 1210 igitur
513 1161 748 1199 moderatio
787 1168 830 1200 et
869 1161 1022 1199 raritas
1044 1152 1269 1199 'dictorum
1309 1162 1531 1212 distinguit
1569 1168 1783 1199 oratorem
1816 1173 1842 1198 a
1871 1173 2029 1199 scurra.
2086 1160 2133 1198 In
2162 1161 2296 1198 verbo

69 1225 199 1277 igitur
237 1225 380 1276 posita
418 1232 516 1265 sunt
561 1229 593 1276 1)
623 1227 665 1264 in
703 1227 848 1277 primis
887 1228 1109 1277 ambigua,
1151 1240 1243 1265 cum
1283 1227 1347 1266 vis
1377 1228 1496 1266 verbi
1526 1228 1581 1265 ad
1610 1228 1722 1265 aliud
1752 1233 1881 1276 atque
1911 1226 2042 1264 ceteri
2071 1225 2295 1276 accipiunt,

70 1290 249 1329 ducitur.
307 1290 431 1329 Hanc
472 1292 796 1342 ambiguitatem
835 1291 1116 1341 Quintilianus
1155 1292 1345 1330 nominat
1383 1292 1682 1342 amphiboliam
1722 1298 1765 1329 et
1803 1291 2026 1341 pervenire
2065 1302 2199 1340 usque
2241 1291 2296 1328 ad

70 1356 267 1413 aenigma
296 1356 410 1402 dicit,
442 1357 560 1395 cuius
590 1357 832 1407 exemplum
861 1357 987 1395 affert
1016 1370 1072 1396 ex
1103 1357 1318 1396 Ciceronis
1348 1370 1426 1408 pro
1457 1357 1636 1396 Fonteio
1667 1357 1872 1395 oratione.

334 1435 370 1484 2)
400 1446 495 1472 cum
533 1434 646 1472 aliud
685 1442 985 1485 expectamus,
1025 1434 1138 1472 aliud
1175 1434 1327 1472 dicitur
1365 1429 1698 1485 (ἀπροσδόκητον).
1756 1433 1918 1484 Quodsi
1957 1433 2194 1471 admixtum
2229 1439 2297 1471 est

400 1501 529 1538 etiam
558 1501 816 1550 ambiguum,
847 1501 895 1538 fit
924 1501 1096 1544 salsius;

333 1578 369 1626 3)
400 1589 510 1626 quae
539 1578 701 1615 habent
730 1590 908 1627 parvam
937 1578 1058 1615 verbi
1087 1577 1421 1614 immutationem
1450 1578 1752 1626 (παρονομασία,
1783 1577 2104 1625 annominatio);

333 1655 369 1702 4)
399 1654 696 1703 interpretatio
744 1655 947 1698 nominis,
1003 1667 1097 1691 cum
1152 1655 1207 1691 ad
1257 1655 1475 1692 ridiculum
1524 1654 1736 1692 convertis
1780 1655 2056 1702 quamobrem
2098 1653 2157 1691 ita
2200 1654 2295 1702 quis

400 1725 600 1764 vocetur;

331 1798 368 1846 5)
398 1809 529 1847 saepe
558 1809 708 1835 versus
737 1795 877 1835 facete
908 1796 1212 1847 interponitur,
1253 1796 1319 1834 vel
1358 1802 1404 1835 ut
1442 1802 1528 1841 est,
1569 1797 1635 1835 vel
1676 1795 1900 1847 paullulum
1938 1794 2182 1833 immutatus
2220 1800 2295 1833 aut

399 1863 539 1912 aliqua
567 1875 669 1913 pars
700 1875 871 1901 versus:
903 1863 1005 1901 item
1033 1863 1284 1913 proverbia3

330 1941 368 1988 6)
398 1952 492 1978 curn
522 1941 577 1977 ad
607 1941 797 1985 verbum,
829 1952 914 1978 non
944 1941 999 1978 ad
1028 1940 1281 1978 sententiam
1310 1952 1398 1977 rem
1427 1940 1622 1989 accipere
1651 1940 1844 1983 videare3

332 2018 368 2066 7)
398 2029 509 2066 quae
538 2023 611 2055 aut
641 2029 697 2055 ex
727 2017 948 2055 immutata
978 2017 1171 2055 oratione
1200 2017 1409 2055 ducuntur
1439 2011 1675 2067 (ἀλληγορία,
1703 2015 1893 2065 Quintil.:
1925 2014 2120 2064 inversio)
2142 2020 2217 2052 aut
2237 2026 2293 2052 ex

397 2083 520 2121 unius
549 2083 670 2121 verbi
699 2083 978 2121 translatione
1007 2083 1282 2133 (Metapher);

330 2159 367 2208 8)
389 2164 472 2198 'aut
501 2171 558 2197 ex
587 2159 829 2198 inversione
859 2160 1088 2198 verborum
1118 2159 1324 2210 (Quintil.:
1356 2160 1503 2205 illusio,
1534 2159 1753 2209 Ironie)*);

328 2238 366 2284 9)
396 2237 531 2274 verba
560 2237 694 2274 relata
724 2236 935 2274 contrarie
966 2231 1197 2285 (ἀντίθετα).

263 2311 332 2350 Ex
369 2313 436 2351 his
475 2325 586 2363 quae
625 2313 714 2351 dixi
752 2314 982 2362 generibus
1021 2314 1063 2351 in
1103 2314 1283 2363 epistola
1322 2314 1377 2350 ad
1416 2312 1682 2350 Volumnium
1721 2313 1821 2349 data
1860 2311 1966 2358 (VII.
2006 2315 2070 2360 33)
2111 2324 2294 2350 comme-

66 2382 304 2415 morantur:
336 2372 569 2430 ἀμφιβολία,
591 2377 877 2430 παράγραμμα,
900 2377 1011 2430 παρὰ
1031 2378 1290 2430 amodo-alam
1310 2403 1358 2406 ψ
1378 2374 1572 2429 ὑπερβολή
1592 2386 1733 2416 autem
1748 2378 1851 2426 (sive
1871 2378 1939 2415 illa
1968 2390 2079 2427 quae
2107 2378 2295 2428 augendi

67 2451 197 2479 causa
234 2443 290 2481 ad
328 2443 618 2483 incredibilem
658 2445 981 2484 admirationem
1020 2444 1265 2495 efferuntur)
1305 2445 1490 2496 pertinet
1528 2445 1583 2482 ad
1621 2444 1838 2482 ridiculum
1885 2444 1999 2493 quod
2050 2450 2117 2482 est
2165 2444 2208 2482 in
2247 2456 2294 2482 re

65 2506 266 2555 positum.

262 2573 383 2613 Haec
412 2575 503 2614 fere
532 2582 630 2614 sunt
660 2588 770 2626 quae
801 2575 950 2615 Cicero
980 2577 1034 2614 de
1062 2576 1229 2615 facetiis
1259 2576 1512 2627 explicavit,
1552 2575 1706 2626 partim
1744 2574 1929 2613 fortasse
1959 2587 2016 2613 ex
2046 2575 2295 2615 Aristotelis

55 2641 111 2674 et
130 2636 415 2688 Theophrasti
446 2641 560 2680 libris
590 2643 662 2691 qui
693 2650 791 2681 sunt
820 2644 874 2680 de
902 2643 1086 2680 ridiculis
1117 2649 1277 2687 sumta;
1309 2655 1444 2691 eaque
1473 2642 1694 2679 illustravit
1724 2642 1945 2691 exemplis,
1976 2654 2088 2691 quae
2106 2643 2294 2681 maxime

65 2712 123 2740 ex
161 2701 305 2742 Crassi
342 2707 607 2745 orationibus
645 2714 719 2746 aut
758 2708 932 2747 Catonis
976 2709 1352 2758 apophthegmatis
1392 2707 1571 2757 delegit,
1616 2718 1700 2743 non
1744 2718 1828 2755 quo
1872 2707 2039 2744 iocandi
2082 2707 2293 2747 rationem

21 2798 28 2804 v,
66 2767 280 2815 quandam
317 2776 362 2809 et
397 2777 532 2810 artem
561 2774 772 2818 traderet,
813 2774 889 2811 sed
918 2779 965 2811 ut
994 2786 1046 2811 ea
1074 2786 1184 2824 quae
1215 2774 1322 2811 sicut
1351 2773 1393 2810 in
1423 2772 1575 2810 ceteris
1605 2772 1751 2816 rebus,
1790 2771 1850 2809 sic
1880 2772 2008 2810 etiam
2037 2772 2079 2810 in
2107 2773 2189 2811 hae
2218 2779 2294 2811 aut

65 2836 218 2870 natura
245 2840 320 2873 aut
349 2837 490 2875 studio
520 2844 594 2876 aut
624 2839 933 2877 exercitatione
962 2838 1124 2884 fierent,
1155 2846 1229 2877 aut
1258 2845 1374 2876 recta
1405 2849 1500 2875 esse
1529 2844 1602 2874 aut
1630 2848 1765 2887 prava
1795 2838 1981 2875 doceret.

221 2957 224 2959 ·
262 2944 291 2984 *)
313 2945 418 2976 Etiam
441 2947 472 2977 in
498 2949 659 2988 perpetuis
684 2948 803 2979 facetiis
828 2948 948 2979 ironiae
972 2953 1019 2979 est
1044 2950 1161 2979 mentio
1185 2949 1282 2985 facta,
1307 2949 1362 2979 sed
1387 2948 1479 2983 haec,
1504 2947 1543 2977 de
1568 2956 1628 2987 qua
1652 2956 1734 2976 nunc
1757 2947 1908 2984 dicimus,
1937 2948 1967 2978 in
1993 2948 2078 2979 dicto
2102 2954 2150 2979 est
2174 2950 2288 2989 posita,

65 3006 130 3025 non
151 2997 186 3026 in
207 3007 251 3027 re.
