2443 3259
1087 124 1359 163 ...10—

98 325 292 364 abstulit:
323 325 477 364 nollem
507 324 692 363 dixisse:
723 323 904 363 iactabit
934 337 980 362 se
1011 330 1054 362 et
1083 324 1126 362 in
1155 324 1221 362 his
1251 321 1462 373 equitabit
1491 320 1759 371 equuleis.

298 257 373 297 IV.
405 272 479 307 43:
511 259 715 308 equuleos
744 264 976 308 argenteos
1007 280 1058 286 -
1090 280 1142 285 —
1172 256 1324 295 aufert.
1382 256 1635 307 Imprudens
1659 256 1743 294 huc
1769 256 1919 295 incidi:
1949 258 2053 297 emit
2080 235 2227 307 enim,
2251 236 2341 307 non¹
2355 242 2359 278 ἶ
2377 241 2443 293 ³¹3

295 394 369 434 IV.
408 408 504 445 139:
544 406 684 445 neque
723 395 1025 446 postulandum
1054 394 1207 440 fuisse,
1247 401 1294 433 ut
1323 393 1509 444 (Verres)
1538 393 1811 444 palaestritas
1841 394 2060 445 diligeret,
2100 397 2172 446 qui
2193 394 2338 451 *etiam

96 461 364 500 inventorem
394 462 475 499 olei
504 462 630 499 deum
660 462 903 499 sustulisset
934 461 1137 510 (Aristaei
1167 462 1459 506 simulacrum).

295 545 374 582 pro
417 532 565 569 Font.:
613 533 816 569 Plaetorii
860 540 1060 575 matrem,
1115 534 1213 569 dum
1258 531 1463 575 vixisset,
1509 531 1672 574 ludum,
1725 537 1956 579 postquam
1997 539 2166 571 mortua
2208 541 2335 580 esset,

94 599 403 649 magistros
432 597 650 636 habuisse.
710 596 836 647 Quod
867 598 1025 637 dictum
1056 597 1227 647 Quintil.
1260 596 1331 635 VI.
1365 611 1400 645 3.
1433 609 1496 645 51-
1539 603 1742 646 tanquam
1771 596 2014 647 exemplum
2043 597 2336 649 ambiguitatis

94 663 221 705 affert
260 670 303 704 et
343 664 404 704 ita
443 663 698 715 explicavit,
740 669 786 702 ut
825 665 925 702 dum
964 664 1150 708 viveret,
1191 663 1369 702 infames
1409 662 1592 702 feminae
1632 662 1722 701 eius
1761 663 1931 701 domum
1961 668 2166 714 tanquam
2194 665 2336 704 ludum

93 730 415 781 frequentasse,
456 737 557 780 post
598 730 688 779 ejus
728 736 908 767 mortem
949 731 1063 767 bona
1103 730 1193 778 ejus
1223 742 1300 779 per
1329 731 1560 779 magistros
1591 731 1629 778 (i.
1661 743 1697 767 e.
1728 730 1842 766 viros
1872 743 1897 766 a
1928 738 2128 779 praetore
2157 738 2336 781 propter

93 809 169 835 aes
198 798 380 836 alienum
410 797 653 835 auctionem
682 797 843 834 habere
873 796 1027 845 iussos)
1058 796 1241 834 veniisse
1272 796 1524 834 dicerentur.

294 868 348 906 de
378 867 475 918 lege
505 880 596 917 agr.
629 866 678 905 II.
719 878 812 904 102:
844 866 928 904 no‘n
958 867 1086 904 modo
1117 879 1195 904 vos
1226 866 1342 905 eritis
1372 866 1415 904 in
1445 866 1533 904 otio
1569 889 1614 894 -—
1647 888 1717 910 --,
1749 878 1896 904 verum
1926 866 2054 904 etiam
2084 866 2212 912 istos,
2244 869 2334 918 qui-

92 935 174 972 bus
205 933 333 972 otiosi
363 933 496 972 otium
526 932 789 977 fecissemus,
821 945 958 981 aeque
988 932 1204 970 otiosos
1235 933 1423 971 reddam.

292 1005 332 1043 in
366 1003 458 1043 Cat.
491 1004 541 1042 ΙΙ.
581 1006 647 1042 18:
686 1015 845 1054 magno
876 1003 917 1041 in
948 1016 1047 1042 aere
1077 1003 1213 1041 alieno
1244 1003 1426 1053 majores
1457 1003 1585 1041 etiam
1614 1004 1912 1054 possessiones
1941 1005 2125 1050 habent,
2156 1017 2333 1054 quarum

91 1083 239 1109 amore
268 1070 443 1108 adducti
473 1061 714 1107 dissolvi
744 1069 856 1106 nullo
887 1069 1014 1106 modo
1045 1075 1236 1118 possunt.

289 1140 413 1179 ibid.:
446 1152 539 1177 meo
568 1138 779 1177 beneficio
810 1139 1037 1176 tabulae
1067 1151 1207 1176 novae
1236 1139 1521 1188 proferuntur,
1553 1151 1701 1177 verum
1730 1139 2031 1177 auctionariae.

290 1225 330 1262 p.
363 1211 501 1249 Flacc.
535 1224 608 1258 43:
646 1210 884 1260 (Lysanias)
924 1223 1018 1247 curn
1059 1211 1363 1259 rempublicam
1401 1211 1572 1249 nimium
1611 1211 2071 1261 amplecteretur,
2112 1211 2332 1262 peculatus

90 1279 317 1317 damnatus
348 1280 459 1323 (nam
490 1283 533 1315 et
563 1277 635 1326 qui
665 1276 803 1326 diligit
833 1276 1103 1326 amplectitur
1133 1283 1176 1314 et
1206 1276 1276 1325 qui
1308 1276 1462 1326 spoliat
1492 1283 1535 1315 et
1564 1277 1780 1328 intercipit
1809 1277 1968 1326 aliquid
1997 1290 2054 1315 ex
2083 1277 2275 1327 aerario).

288 1355 337 1393 In
367 1361 492 1392 oratt.
524 1366 564 1403 p.
596 1353 682 1391 red.
714 1353 1011 1402 ambiguarum
1041 1352 1409 1397 contumeliarum,
1449 1365 1560 1401 quae
1587 1354 1662 1391 vix
1691 1353 1873 1392 facetiae
1902 1353 2109 1392 nominari
2138 1359 2330 1404 possunt,

89 1432 238 1459 ansam
268 1419 467 1471 praebuit
498 1419 646 1457 Clodia
674 1419 758 1456 ista
788 1418 1122 1467 Quadrantaria,
1161 1429 1254 1455 cum
1292 1430 1376 1467 qua
1411 1424 1454 1455 et
1489 1418 1664 1456 fratrem
1693 1418 1887 1456 Publium
1925 1425 1969 1456 et
2007 1418 2097 1468 ejus
2135 1419 2332 1457 libertum

88 1485 272 1523 Sextum
304 1484 496 1522 Clodium
526 1491 719 1533 stuprum
743 1483 905 1534 ,fecisse
935 1484 1089 1532 arguit.
1150 1483 1259 1519 Hinc
1290 1484 1396 1520 haec
1426 1485 1732 1521 contumeliose
1762 1484 1878 1521 dicta
1907 1492 2009 1521 nata
2039 1491 2158 1522 sunt:

288 1574 327 1610 p.
366 1562 478 1598 dom.
511 1573 584 1607 92:
624 1560 678 1596 ad
720 1559 932 1596 Clodium:
977 1559 1112 1605 „Vide
1151 1572 1204 1596 ne
1242 1566 1287 1596 tu
1327 1566 1370 1596 te
1409 1560 1569 1597 debeas
1608 1559 1759 1608 Jovem
1798 1560 1960 1603 dicere,
2002 1560 2117 1608 quod
2156 1566 2202 1598 tu
2237 1560 2330 1609 jure

87 1628 267 1666 eandem
312 1638 503 1665 sororem
548 1632 591 1663 et
632 1637 811 1663 uxorem
856 1625 1072 1675 appellare
1117 1625 1306 1675 possis⁴‘;
1357 1625 1411 1663 de
1453 1625 1542 1664 har.
1594 1637 1705 1676 resp.
1748 1638 1797 1674 39
1837 1637 2016 1664 uxorem
2056 1637 2329 1676 sororemque

86 1706 173 1733 non
204 1693 433 1737 discernis;
475 1691 527 1730 cf.
558 1704 599 1742 p.
632 1690 744 1729 Sest.
785 1694 869 1729 116.
901 1691 1041 1728 omnia
1071 1691 1231 1728 sororis
1262 1691 1443 1728 embolia
1472 1692 1613 1736 novit;
1654 1704 1695 1741 p.
1727 1691 1839 1729 Cael.
1873 1704 1935 1739 3²·
1967 1703 2062 1728 cum
2090 1692 2212 1729 istius
2241 1704 2330 1729 rnu-

86 1760 200 1798 lieris
239 1761 355 1798 viro:
396 1759 530 1797 fratre
570 1758 681 1795 volui
723 1758 884 1795 dicere:
926 1769 1095 1807 semper
1124 1758 1191 1795 hic
1222 1770 1339 1802 erro;
1383 1760 1445 1805 78.
1486 1771 1581 1796 cum
1611 1772 1689 1797 suo
1720 1758 1902 1809 conjuge
1933 1764 1977 1796 et
2005 1758 2149 1797 fratre.
2208 1757 2328 1808 Quae

84 1838 126 1876 p.
158 1826 271 1864 dom.
305 1838 368 1874 25.
401 1838 464 1873 47.
497 1824 552 1862 ad
582 1823 871 1861 taeterrimam
901 1823 1206 1873 impudicitiam
1235 1825 1462 1873 pertinent,
1494 1825 1641 1863 taedet
1669 1824 1841 1863 referre.

283 1915 324 1953 p.
365 1901 477 1940 Sest.
521 1903 567 1939 8:
607 1900 801 1949 (Sestius)
850 1900 910 1938 ita
951 1912 1072 1937 suum
1112 1901 1326 1938 consulem
1366 1900 1425 1950 (C.
1466 1901 1723 1946 Antonium,
1770 1900 1987 1939 Ciceronis
2025 1901 2068 1938 in
2107 1901 2327 1939 consulatu

84 1969 303 2018 collegam)
334 1967 690 2011 observavit,
732 1973 778 2003 ut
815 1973 858 2003 et
894 1967 949 2003 illi
981 1973 1185 2014 quaestor
1216 1968 1352 2003 bonus
1383 1974 1426 2004 et
1456 1968 1715 2017 reipublicae
1745 1968 1930 2017 optimus
1961 1967 2065 2005 civis
2096 1967 2325 2005 videretur.

284 2056 357 2093 72:
388 2044 629 2081 nominibus
660 2043 701 2080 in
732 2043 959 2080 tabulas
990 2044 1145 2087 relatis,
1176 2056 1329 2080 nomen
1360 2056 1482 2081 suum
1511 2045 1565 2081 de
1595 2044 1741 2082 tabula
1771 2043 1953 2082 sustulit.

281 2134 322 2171 p.
365 2120 477 2159 Cael.
510 2124 555 2158 6:
596 2127 642 2158 ut
681 2133 777 2158 eum
817 2120 1131 2169 poeniteat,
1172 2134 1256 2158 non
1297 2119 1531 2158 deformem
1571 2133 1668 2159 esse
1708 2127 1866 2159 natum.
1926 2120 2086 2170 (Quod,
2128 2120 2325 2171 quoniam

80 2187 150 2224 illa
188 2188 311 2224 verbi
349 2187 597 2236 poenitendi
638 2185 895 2235 significatio
935 2186 1095 2223 usitata
1134 2193 1220 2230 est,
1262 2187 1335 2223 vix
1372 2186 1440 2224 hic
1476 2200 1763 2231 numerarem,
1804 2187 1883 2225 nisi
1914 2185 2073 2225 Gellius
2113 2185 2254 2225 XVII.
2293 2200 2324 2224 1.

81 2252 355 2292 festivissime
385 2259 428 2291 et
458 2251 718 2291 facetissime
749 2251 907 2290 dictum
938 2251 1167 2296 iudicaret,
1199 2252 1314 2302 quod
1344 2252 1578 2291 adversarii
1611 2252 1754 2291 Caelio
1784 2252 1965 2291 formam
1995 2251 2156 2290 crimini
2186 2251 2324 2290 dedis-

80 2322 189 2361 sent.
220 2317 344 2367 quasi
373 2317 594 2355 arbitrium
625 2316 716 2366 ejus
746 2316 910 2360 fuisset,
943 2317 1055 2365 quali
1087 2316 1222 2353 forma
1252 2322 1525 2366 nasceretur.)

279 2395 321 2431 in
361 2394 445 2431 Pis.
491 2407 560 2431 22:
602 2392 838 2441 (Gabinius)
883 2406 936 2430 ne
986 2400 1075 2431 tum
1120 2395 1290 2442 quidem
1329 2407 1457 2441 quum
1501 2395 1612 2431 illum
1657 2408 1778 2432 suum
1822 2396 2087 2432 saltatorium
2131 2400 2323 2431 versaret

79 2462 287 2505 orbem,
327 2459 526 2499 fortunae
565 2466 703 2498 rotam
744 2460 1077 2509 pertimescebat
1116 2460 1183 2504 (de
1224 2472 1309 2509 quo
1342 2459 1461 2510 Aper
1490 2460 1531 2499 in
1563 2460 1657 2500 dial.
1689 2461 1743 2500 de
1773 2467 1878 2500 orat.
1913 2473 1931 2499 2
1939 2473 1983 2508 3:
2024 2459 2143 2505 nolo,
2173 2458 2321 2510 inquit,

78 2526 254 2566 irridere
284 2533 423 2566 rotam
452 2525 679 2575 fortunae).

278 2615 319 2654 p.
350 2601 439 2641 Mil.
472 2616 544 2651 33:
576 2615 661 2641 non
692 2603 830 2641 audeo
860 2609 999 2641 totum
1029 2603 1171 2641 dicere
1199 2626 1236 2629 —
1268 2626 1313 2629 —
1340 2610 1485 2641 movet
1514 2615 1581 2641 me
1611 2604 1771 2654 quippe
1801 2605 1939 2642 lumen
1970 2604 2111 2642 curiae
2140 2602 2321 2651 (simulat

77 2682 125 2707 se
153 2675 334 2720 aspectu
355 2669 398 2707 S.
422 2669 555 2706 Clodii
586 2675 629 2706 et
658 2670 862 2706 memoria
891 2670 1091 2706 incensae
1121 2669 1263 2706 curiae
1293 2670 1461 2713 terreri;
1494 2683 1736 2718 quanquam
1767 2670 1986 2707 libertinus
2016 2681 2101 2706 non
2130 2667 2320 2715 intelligo

78 2736 436 2785 quemadmodum
469 2735 632 2782 „lumen
663 2735 830 2773 curiae-⁶
862 2735 1071 2773 nominari
1101 2734 1266 2785 possit).

274 2811 380 2850 Phil.
412 2811 511 2850 XII.
545 2814 617 2850 26:
650 2811 857 2860 (Antonii)
887 2811 1102 2849 acerbitas
1133 2823 1295 2849 morum
1336 2811 1663 2861 immanitasque
1701 2818 1880 2850 naturae
1918 2824 1972 2850 ne
2010 2811 2110 2849 vino
2149 2809 2319 2859 quidem

75 2877 157 2926 (cui
187 2876 358 2916 deditus
386 2875 480 2926 fuit)
511 2876 727 2927 permixta
756 2877 1060 2927 temperari
1090 2877 1210 2915 solet.

273 2953 380 2991 Phil.
409 2952 529 2991 XIII.
564 2955 635 2991 26:
667 2952 839 3002 Visejus
872 2975 915 2979 —-
941 2975 993 2979 -—
1021 2952 1158 2997 fortis,
1189 2959 1236 2990 ut
1265 2953 1395 2998 aiunt,
1426 2954 1556 2991 latro:
1588 2966 1713 3002 quem
1744 2960 1887 2990 tamen
1917 2956 2319 3001 temperantem
2381 2962 2443 2971 -Μ

74 3018 207 3057 fuisse
235 3019 380 3057 ferunt
408 3019 575 3057 Pisauri
606 3019 899 3057 balneatorem
930 3019 1016 3067 (qui
1046 3025 1259 3068 temperat
1288 3019 1510 3068 balneum).
