2443 3259
260 380 407 438 JHaec
433 383 525 424 fere
553 390 664 430 sunt,
695 397 807 435 quae
835 397 893 424 ex
921 384 1064 435 priore
1092 383 1344 424 facetiarum
1370 397 1531 436 genere
1551 399 1608 425 ex
1629 386 1845 426 Ciceronis
1868 387 2135 426 orationibus
2155 385 2318 437 possim

216 441 335 497 e'jin
363 449 537 500 reliquis
566 450 831 489 orationibus
859 451 961 490 nihil
990 450 1197 501 ejusmodi
1226 451 1380 489 inveni.
1412 473 1465 479 —
1493 451 1632 490 venio
1661 465 1772 490 nunc
1801 453 1855 491 ad

1167 595 1223 638 B.

69 714 264 766 ,alterum
282 724 433 764 genus,
455 713 572 762 quod
591 712 743 752 dictis
764 713 872 752 sive
892 714 1161 751 verborum
1190 716 1380 753 salibus
1402 717 1664 759 continetur;
1695 717 1737 753 in
1764 717 1916 765 quibus
1943 717 2212 766 exponendis
2231 728 2317 753 non

6 780 34 822 J
85 786 345 830 temporum,
377 780 531 828 quibus
561 780 777 817 orationes
806 781 980 817 habitae
1009 787 1128 824 sunt,
1159 788 1206 818 ut
1235 793 1385 831 supra,
1415 783 1646 826 rationem,
1678 783 1753 819 sed
1783 788 1987 830 quantum
2016 781 2106 820 fieri
2144 781 2316 832 poterit,

15 834 25 841 '¹
86 857 181 884 eam
209 857 338 895 quam
368 844 515 883 Cicero
544 845 637 895 ipse
666 845 892 895 proposuit
921 845 1236 884 distinctionem
1265 853 1395 895 atque
1424 847 1534 885 intra
1563 847 1730 897 singula
1764 860 1925 898 genera
1964 847 2174 886 rationem
2212 854 2317 885 tem·

48 910 52 912 ’
86 921 238 966 porum
279 922 456 961 sequar:
500 910 543 948 id
583 910 698 960 quod
736 916 837 949 ante
875 910 1082 949 ducentos
1120 923 1255 949 annos
1293 911 1514 950 Vavassor
1562 913 1640 959 „de
1679 913 1839 950 ludicra
1878 912 2089 950 dictione“
2130 913 2317 950 nondum

17 1002 30 1019 ⁷.
85 974 248 1014 factum
284 976 540 1020 mirabatur,
575 987 654 1014 nec
684 982 827 1013 tamen
856 977 950 1026 ipse
977 976 1101 1021 fecit,
1143 984 1190 1014 ut
1228 980 1471 1027 praeceptis
1512 976 1798 1015 Ciceronianis
1838 977 2066 1026 subjiceret
2106 977 2315 1027 exempla.

85 1053 173 1080 non
210 1041 398 1086 aliunde,
438 1042 794 1090 quemadmodum
825 1041 973 1081 Cicero
1011 1042 1105 1092 ipse
1142 1041 1266 1087 fecit,
1297 1042 1373 1080 sed
1402 1054 1459 1081 ex
1489 1043 1578 1081 eius
1609 1042 1874 1081 orationibus
1903 1043 2051 1093 petita.
2109 1041 2317 1080 Attamen

43 1110 45 1112 ’
69 1119 171 1147 Διιοῐι
199 1107 405 1154 omnium,
436 1119 547 1157 quae
575 1119 706 1159 supra
735 1108 878 1155 attuli,
918 1120 1123 1160 generum
1153 1108 1351 1158 exempla
1380 1114 1532 1147 extant
1561 1109 1603 1146 in
1634 1108 1918 1152 orationibus;
1964 1120 2063 1146 narn
2105 1108 2317 1157 quaedam

86 1173 296 1211 dictorum
323 1185 497 1222 genera,
528 1186 772 1222 quanquam
801 1182 900 1212 sunt
929 1175 1136 1219 oratoria,
1167 1181 1308 1212 tamen
1337 1181 1490 1211 natura
1519 1174 1621 1219 fert,
1652 1181 1698 1212 ut
1727 1175 1865 1223 magis
1895 1174 1937 1211 in
1967 1173 2245 1212 altercatione
2273 1179 2318 1212 et

58 1238 129 1296 ‘in
157 1239 495 1289 interrogatione
529 1239 702 1278 testium
737 1239 1021 1278 adhibeantur
1059 1251 1185 1289 quam
1223 1239 1265 1277 in
1303 1239 1563 1290 longioribus
1604 1239 1890 1283 orationibus,
1931 1239 1985 1276 de
2023 1239 2177 1288 quibus
2216 1237 2316 1276 solis

85 1315 197 1343 nunc
224 1316 322 1356 ago.

580 1418 612 1465 1)
650 1415 867 1466 Ambigue
897 1415 989 1454 sive
1018 1428 1113 1454 cum
1141 1415 1401 1465 amphibolia
1431 1415 1544 1453 dicta
1573 1421 1671 1453 sunt
1699 1416 1828 1453 haec:

283 1516 324 1553 p.
356 1501 499 1552 Quint.
537 1516 603 1542 11:
643 1501 745 1542 Sex.
776 1503 986 1549 Naevius,
1016 1515 1195 1554 praeco,
1234 1502 1305 1552 qui
1335 1514 1428 1540 cum
1460 1502 1497 1540 ei
1526 1508 1677 1540 natura
1707 1502 1806 1539 nihil
1835 1502 1981 1539 melius
2011 1514 2139 1551 quam
2166 1514 2317 1540 vocem

87 1567 297 1612 dedisset,
327 1580 477 1606 vocem
506 1568 550 1606 in
579 1575 802 1617 quaestum
832 1570 1020 1607 contulit.
1078 1570 1119 1606 Is
1149 1569 1221 1617 qui
1258 1581 1407 1605 vocem
1444 1568 1635 1605 venalem
1675 1569 1906 1611 habuerat,
1946 1580 2018 1612 ea,
2059 1580 2170 1616 quae
2207 1579 2316 1605 voce

87 1629 371 1682 quaesiverat,
401 1646 560 1684 magno
590 1635 671 1672 sibi
701 1635 898 1685 quaestui
926 1634 1026 1672 fore
1049 1635 1243 1685 putabat.
1301 1634 1453 1682 Itaque
1482 1633 1654 1671 hercule
1682 1634 1797 1671 haud
1825 1633 2096 1671 mediocriter
2125 1633 2179 1671 de
2204 1644 2317 1671 com·

86 1699 211 1744 muni,
243 1699 449 1748 quidquid
477 1703 662 1749 poterat,
693 1702 749 1738 ad
778 1714 825 1738 se
853 1701 896 1738 in
925 1701 1140 1751 privatam
1168 1701 1339 1737 domurn
1368 1700 1689 1737 sevocabat.

283 1777 325 1813 p.
345 1764 478 1803 Rosc.
503 1778 575 1813 57:
606 1766 813 1804 Litteram
841 1767 952 1804 illam
973 1767 1058 1815 (K),
1089 1765 1157 1804 cui
1185 1778 1264 1803 vos
1294 1777 1430 1813 usque
1460 1777 1511 1803 eo
1541 1764 1695 1802 inimici
1726 1764 1840 1809 estis,
1870 1768 1917 1801 ut
1946 1763 2074 1801 etiam
2093 1762 2316 1802 Kalendas

86 1841 232 1868 omnes
271 1830 469 1875 oderitis,
500 1854 553 1859 -
583 1855 635 1860 —
665 1832 721 1870 ad
759 1837 889 1882 caput
924 1830 1127 1882 adfigent.
1157 1831 1213 1869 ib.
1247 1832 1310 1868 80.
1340 1830 1551 1868 nescimus
1581 1841 1658 1880 per
1687 1829 1771 1868 ista
1799 1835 1995 1878 tempora
2023 1829 2197 1866 eosdem
2225 1828 2317 1866 fere

86 1900 341 1934 sectores
378 1895 511 1935 fuisse
550 1897 818 1935 collorum
855 1903 908 1936 et
944 1897 1234 1935 bonorum?
1292 1895 1476 1943 (Schnitt
1504 1896 1705 1945 gemacht
1734 1907 1788 1932 an
1817 1894 1978 1931 Halsen
2008 1895 2093 1931 und
2122 1893 2315 1943 Giitern.)

281 1962 338 2000 ib.
376 1974 471 2000 100:
502 1964 642 2001 habeo
673 1964 801 2001 etiam
830 1964 993 2008 dicere,
1024 1975 1150 2012 quem
1181 1969 1330 2000 contra
1360 1975 1520 2000 morem
1555 1962 1759 1999 maiorum
1794 1960 1998 1998 minorem
2032 1959 2152 1998 annis
2191 1972 2317 1998 sexa·

85 2026 208 2076 ginta
236 2027 300 2066 de
328 2035 500 2078 ponte
530 2029 573 2067 in
602 2029 789 2068 Tiberim
819 2028 1106 2079 dejecerit.

282 2092 453 2145 Duplici
485 2094 634 2144 ‚‚nudi“
667 2093 978 2147 significatione
1007 2095 1138 2134 utitur
1166 2095 1208 2133 in
1237 2093 1359 2132 Verr.
1389 2093 1441 2138 ΙΙ,
1479 2106 1573 2142 154:
1610 2092 1752 2130 fornix
1783 2092 1825 2129 in
1853 2091 1948 2128 foro
1978 2089 2206 2140 Syracusis
2235 2097 2316 2136 est,

85 2158 128 2196 in
157 2170 242 2208 quo
262 2161 409 2198 enudus
437 2160 545 2199 filius
576 2167 684 2199 stat:
715 2162 808 2212 ipse
838 2168 981 2200 autem
1011 2174 1067 2199 ex
1098 2174 1207 2210 equo
1238 2162 1441 2198 nudatam
1470 2161 1525 2197 ab
1556 2173 1602 2197 se
1632 2159 1894 2209 provinciam
1914 2157 2134 2207 prospicit,
2165 2156 2219 2195 cf.
2240 2156 2316 2196 IV.

93 2236 186 2272 143:
217 2224 260 2263 in
289 2237 374 2274 qua
404 2227 521 2264 curia
551 2233 693 2265 statua
722 2234 795 2265 tua
825 2228 970 2265 stabat
1000 2234 1043 2265 et
1071 2228 1184 2265 nuda
1213 2225 1305 2271 filii,
1336 2227 1378 2264 in
1408 2238 1459 2264 ea
1488 2238 1611 2263 nemo
1641 2225 1741 2270 fuit,
1785 2236 1910 2274 quem
1939 2235 1993 2261 ne
2021 2223 2196 2261 nudus
2225 2223 2318 2273 qui-

86 2289 183 2327 dem
220 2290 328 2329 filius
366 2292 409 2329 in
447 2295 653 2331 nudata
691 2293 912 2343 provincia
951 2294 1265 2331 commoveret?
1301 2305 1342 2342 p.
1373 2291 1511 2329 Flacc.
1544 2303 1607 2338 51.
1639 2302 1764 2338 quem
1793 2295 1840 2327 tu
1870 2312 1920 2317 —
1952 2311 1998 2315 —
2033 2310 2083 2316 —
2115 2288 2318 2337 quoniam

86 2360 130 2392 te
168 2357 340 2395 nudus
379 2358 633 2403 delectarent,
678 2372 848 2409 semper
886 2359 1082 2397 nudum
1119 2370 1214 2396 esse
1253 2357 1423 2396 voluisti
1462 2358 1518 2404 (et
1557 2355 1736 2394 avaritia
1774 2361 1817 2393 et
1855 2353 2117 2404 impudicitia
2154 2354 2317 2404 probro

86 2421 237 2472 datur).
293 2423 448 2473 Aeque
495 2427 674 2475 „purus“
716 2425 758 2463 in
791 2424 915 2463 Verr.
950 2424 1024 2462 IV.
1063 2437 1112 2473 49
1157 2424 1355 2474 ambigue
1394 2423 1572 2460 dictum:
1613 2426 1836 2469 argentum
1877 2419 2135 2467 Eupolemus
2164 2418 2318 2468 (Verri)

86 2499 273 2537 purum
302 2490 407 2537 (sine
437 2491 715 2540 emblematis)
745 2498 1018 2541 apposuerat,
1049 2503 1103 2528 ne
1132 2502 1299 2539 purus
1328 2489 1421 2539 ipse
1449 2487 1774 2535 relinqueretur;

282 2553 405 2593 Verr.
449 2555 501 2594 II.
548 2569 610 2605 54.
678 2556 905 2606 Nunquam
947 2568 1026 2594 vos
1069 2562 1314 2606 praetorem
1356 2560 1444 2592 tam
1486 2551 1777 2603 palaestritam
1824 2549 2003 2588 vidistis.
2062 2548 2224 2588 Verum
2256 2549 2319 2588 ita

28 2620 30 2623 ’
86 2616 357 2667 palaestritas
386 2621 659 2668 defendebat,
690 2629 738 2661 ut
767 2624 822 2661 ab
851 2622 929 2660 illis
957 2622 1052 2673 ipse
1080 2621 1302 2660 unctior
1330 2619 1485 2663 abiret;
1529 2620 1591 2665 64.
1626 2618 1752 2655 homo
1781 2628 1867 2654 non
1895 2616 2057 2653 alienus
2085 2627 2113 2653 a
2141 2615 2317 2655 litteris:

85 2682 233 2733 itaque
261 2699 312 2724 eo
341 2688 424 2726 iste
452 2689 674 2727 tabellario
704 2701 873 2740 semper
901 2701 1003 2727 usus
1033 2694 1111 2727 est.
1152 2688 1283 2736 (iocus
1322 2699 1346 2725 e
1384 2684 1538 2735 duplici
1577 2682 1888 2734 significatione
1925 2681 2044 2720 vocis
2082 2680 2319 2721 litterarum

88 2768 139 2781 =
169 2749 292 2790 Brief
317 2760 360 2791 et
391 2753 735 2805 Wissenschaft).

282 2818 334 2858 H.
372 2832 468 2869 170:
508 2821 604 2861 Hoc
643 2828 736 2861 erat
775 2822 905 2861 etiam
934 2821 1237 2872 capitalior
1265 2816 1574 2871 (perniciosior;
1606 2822 1735 2867 caput
1766 2834 1816 2848 =
1848 2813 2029 2865 Capital)
2059 2814 2177 2866 quod
2204 2814 2318 2853 idem

87 2883 289 2932 pecunias
317 2885 384 2924 his
413 2910 467 2915 -
497 2910 548 2916 —-
578 2888 742 2928 faenori
771 2889 917 2927 dabat.

282 2950 354 2989 ΠΙ.
387 2954 459 3000 84:
499 2954 555 2991 A.
595 2954 817 2992 Valentius
865 2960 933 2992 est
974 2955 1017 2991 in
1056 2952 1198 2995 Sicilia
1240 2953 1545 3001 interpres,
1603 2961 1687 2998 quo
1731 2948 1813 2986 iste
1855 2947 2091 2996 interprete
2132 2957 2219 2985 non
2262 2945 2320 2984 ad

86 3011 273 3064 linguam
303 3014 527 3064 Graecam,
558 3020 635 3057 sed
664 3020 720 3058 ad
748 3018 862 3058 furta
891 3024 935 3057 et
963 3017 1128 3069 flagitia
1155 3017 1217 3056 uti
1246 3015 1423 3055 solebat.
2055 3077 2078 3110 2
