2443 3259
1089 120 1356 157 ..11-

850 252 888 300 2)
915 250 1243 289 Annominatio:
1273 252 1600 301 παρονομασία.*)

304 342 390 380 div.
421 340 464 379 in
495 339 619 378 Caec.
654 341 725 377 28:
756 339 817 377 Illi
852 361 886 366 —-
928 362 979 366 —
1009 351 1094 377 non
1123 345 1167 377 te
1196 351 1253 376 ex
1283 338 1424 377 Sicilia
1454 339 1614 377 litteras
1654 340 1696 377 in
1726 339 1903 377 Verrem
1944 341 2193 389 deportase
2231 337 2339 376 velle

107 407 389 451 arbitrantur,
429 406 508 445 sed
536 428 588 434 —
618 410 870 456 asportare
899 409 943 444 te
971 404 1079 444 velle
1108 416 1164 443 ex
1195 403 1348 443 Sicilia.

304 471 425 511 Verr.
456 471 487 509 Ι.
520 483 555 510 2.
587 476 653 509 est
689 470 802 509 idem
832 469 1011 516 Verres,
1047 470 1119 520 qui
1157 469 1237 509 fuit
1276 482 1465 521 semper,
1506 477 1551 508 ut
1590 472 1644 508 ad
1682 472 1958 509 audendum
1998 471 2237 522 projectus,
2276 469 2339 508 sic

108 545 284 591 paratus
313 539 368 575 ad
398 537 721 574 audiendum.

303 604 404 641 ibid.
438 616 511 649 40:
543 615 568 640 o
597 609 915 651 portentum
943 603 985 640 in
1015 602 1182 640 ultimas
1212 610 1349 640 terras
1378 605 1805 651 exportandum!
1838 604 1931 649 (nisi
1957 604 2098 647 Klotz,
2120 602 2338 642 saxonica

109 670 343 710 litterarum
371 674 582 707 mutarum
611 673 629 706 t
658 673 701 706 et
731 668 758 706 d
787 666 1133 719 pronuntiatione
1163 667 1381 718 deceptus,
1411 666 1519 706 falso
1550 668 1935 708 annominationem
1965 668 2096 719 vidit).

302 734 403 772 ibid.
435 745 507 781 44:
539 733 693 783 quibus
723 733 1153 783 allegationibus
1183 733 1293 771 illam
1323 733 1404 771 sibi
1435 734 1764 783 legationem
1794 735 2089 785 expugnavit?

304 800 355 838 II.
394 812 487 847 129:
518 812 654 837 novus
684 801 949 849 astrologus,
990 799 1062 848 qui
1091 812 1176 837 non
1205 807 1292 837 tam
1322 799 1463 837 caeli
1493 800 1721 843 rationem,
1762 813 1887 849 quam
1924 801 2129 838 caelati
2168 801 2336 850 argenti

108 868 294 911 duceret,
325 865 453 904 eximi
483 865 601 903 iubet
635 888 678 892 —
712 877 769 903 ex
799 877 910 903 anno
940 877 1068 903 unum
1097 865 1443 915 dimidiatumque
1472 877 1672 903 mensem.

303 933 376 970 ΠΙ.
414 934 508 970 106:
549 931 789 981 Apronium
826 953 877 959 —
911 953 956 958 —
998 931 1253 981 imperasse,
1293 938 1339 969 ut
1377 931 1419 969 in
1459 932 1598 970 medio
1637 932 1732 970 foro
1772 932 1852 970 sibi
1891 932 1987 971 lecti
2025 940 2336 975 sternerentur:

108 998 265 1038 cotidie
294 997 464 1037 solitum
494 1009 589 1035 esse
618 1009 703 1036 non
732 998 859 1035 modo
889 996 940 1035 in
969 996 1152 1047 publico,
1183 996 1259 1034 sed
1289 996 1418 1035 etiam
1448 997 1510 1035 de
1540 997 1711 1047 publico
1742 998 1971 1036 convivari.

304 1065 360 1102 ib.
399 1077 493 1111 134:
535 1064 606 1113 qui
644 1076 728 1101 non
767 1064 895 1101 modo
931 1063 1132 1100 animum
1169 1063 1403 1112 integrum,
1444 1064 1519 1100 sed
1550 1076 1602 1100 ne
1632 1064 1832 1101 animam
1863 1065 2032 1113 quidem
2061 1077 2209 1114 puram
2239 1077 2337 1102 con·

111 1143 284 1169 servare
313 1130 537 1180 potuisset.

303 1196 360 1234 ib.
398 1198 492 1242 148:
524 1195 650 1239 Alba,
681 1201 778 1233 tuus
807 1195 1124 1244 antiquissimus
1154 1206 1239 1232 non
1270 1194 1405 1231 solum
1434 1194 1651 1238 amicus,
1682 1207 1829 1232 verum
1859 1195 1987 1233 etiam
2016 1204 2238 1234 amator.

303 1261 377 1300 IV.
417 1275 483 1300 10:
514 1262 727 1311 putabant
757 1261 1056 1311 ereptionem
1084 1272 1190 1304 esse,
1223 1272 1305 1298 non
1334 1260 1631 1310 emptionem,
1663 1273 1756 1298 cum
1783 1261 1992 1299 venditori
2023 1274 2099 1299 suo
2128 1261 2336 1300 arbitratu

111 1329 295 1367 vendere
324 1340 410 1366 non
440 1328 597 1365 liceret.
657 1326 709 1365 cf.
741 1327 783 1365 in
812 1327 896 1365 Pis.
930 1339 991 1374 31.
1023 1326 1065 1364 in
1095 1325 1337 1376 provincias
1367 1325 1434 1363 vel
1464 1333 1646 1376 emptas
1678 1327 1743 1364 vel
1774 1333 1985 1377 ereptas.

304 1394 359 1431 ib.
398 1395 493 1430 126:
524 1392 683 1429 Verres
712 1392 773 1430 ita
801 1391 941 1429 factus
971 1398 1014 1429 et
1044 1392 1183 1428 animo
1213 1397 1256 1428 et
1286 1403 1483 1441 corpore,
1524 1398 1569 1428 ut
1599 1393 1729 1429 multo
1759 1393 1996 1442 appositior
2026 1394 2080 1430 ad
2110 1392 2335 1435 ferenda,

108 1472 236 1507 quam
266 1460 322 1496 ad
351 1458 621 1495 auferenda
650 1459 774 1507 signa
804 1470 899 1495 esse
928 1458 1135 1494 videatur.

305 1523 358 1562 V.
391 1526 463 1562 26:
495 1522 747 1574 (Syracusis)
778 1523 837 1561 ita
866 1523 1042 1562 vivebat
1070 1522 1152 1561 iste
1182 1524 1319 1561 bonus
1349 1523 1591 1573 imperator,
1628 1529 1674 1561 ut
1703 1535 1797 1561 eum
1827 1536 1910 1561 non
1941 1522 2065 1561 facile
2094 1534 2180 1561 non
2209 1523 2336 1561 modo

0 1606 18 1617 ,.
58 1583 63 1586 ’
108 1595 234 1629 extra
262 1595 452 1634 tectum,
484 1589 560 1627 sed
588 1601 642 1627 ne
672 1595 799 1627 extra
827 1588 1010 1626 lectum
1039 1588 1209 1638 quidem
1238 1588 1462 1637 quisquam
1492 1588 1668 1626 videret.

304 1657 360 1694 ib.
393 1667 466 1703 59:
513 1656 691 1705 exigere
729 1661 773 1693 te
812 1655 1002 1704 oportuit
1039 1667 1214 1698 navem,
1259 1666 1369 1702 quae
1417 1661 1567 1692 contra
1612 1655 1919 1704 praedones,
1969 1667 2053 1692 non
2093 1666 2201 1703 quae
2241 1666 2336 1692 cum

108 1723 306 1774 praeda
339 1722 576 1773 navigaret.

304 1788 360 1826 ib.
398 1799 492 1837 173:
523 1787 621 1826 nolo
652 1810 701 1815 —-
733 1787 893 1826 iudices
924 1810 973 1815 —
1006 1787 1067 1825 sic
1101 1810 1144 1814 —
1179 1793 1365 1831 notatos,
1396 1787 1479 1825 isto
1509 1787 1719 1832 absoluto,
1749 1787 1977 1830 ambulare,
2007 1794 2053 1825 ut
2082 1799 2167 1824 non
2197 1798 2335 1831 cera,

108 1856 186 1893 sed
215 1867 385 1892 caeno
415 1855 535 1893 obliti
565 1867 661 1892 esse
690 1855 915 1892 videantur
944 1855 1057 1901 (cera
1086 1853 1284 1891 discolori
1314 1854 1438 1903 signo
1468 1860 1617 1891 notata
1643 1854 1813 1891 tabulae
1839 1860 2133 1903 corruptorum
2153 1852 2336 1890 iudicum

109 1920 290 1958 discerni
319 1921 547 1970 poterant).

306 1986 359 2024 de
389 1986 470 2037 leg.
502 1997 593 2036 agr.
624 1985 675 2023 ΙΙ.
708 1998 754 2033 4;
785 1986 865 2023 hoc
894 1986 1058 2023 honore
1086 1996 1153 2022 me
1183 1984 1408 2029 affecistis,
1441 2007 1489 2011 ——
1523 2007 1570 2011 -—
1604 1986 1718 2034 quod
1747 1986 1851 2023 meis
1881 1986 2060 2023 comitiis
2088 1996 2174 2022 non
2202 1983 2337 2022 tabel-

109 2052 190 2089 lam
219 2052 447 2089 vindicem
475 2052 634 2089 tacitae
662 2051 890 2095 libertatis,
930 2051 1007 2088 sed
1045 2062 1194 2088 vocem
1232 2051 1374 2087 vivam
1413 2063 1517 2100 prae
1557 2052 1681 2088 vobis
1720 2052 1926 2089 indicem
1966 2058 2202 2088 vestrarum
2231 2061 2338 2099 erga

108 2129 176 2155 me
204 2118 471 2155 voluntatum
504 2140 549 2145 —-
582 2117 748 2155 tulistis.

304 2183 348 2220 in
378 2183 469 2221 Cat.
500 2184 530 2220 I.
565 2196 635 2231 27:
666 2183 829 2232 profeci
859 2205 911 2210 —
940 2189 987 2220 ut
1016 2183 1156 2220 exsul
1185 2183 1329 2232 potius
1358 2188 1592 2232 temptare,
1624 2195 1750 2230 quam
1779 2184 1950 2219 consul
1979 2194 2140 2219 vexare
2169 2194 2338 2231 rempu-

109 2247 261 2287 blicam
290 2261 456 2299 posses.

305 2314 359 2351 de
387 2314 477 2352 har.
508 2326 620 2365 resp.
653 2317 694 2352 6:
726 2312 856 2364 (Milo)
885 2314 1101 2365 cognovit,
1133 2314 1487 2363 quemadmodum
1518 2312 1707 2350 Clodium
1735 2335 1787 2339 —
1819 2335 1863 2339 —
1893 2325 1976 2350 non
2007 2313 2135 2349 modo
2165 2313 2336 2356 vinei,

109 2391 257 2416 verum
286 2380 415 2417 etiam
444 2380 648 2417 vinciri
678 2386 908 2429 oporteret.

306 2457 348 2495 p.
379 2444 491 2485 Sest.
523 2447 595 2484 66:
627 2457 738 2495 quae
764 2445 874 2484 ratio
903 2451 978 2485 aut
1006 2444 1230 2485 flandae
1260 2452 1334 2485 aut
1363 2445 1668 2485 conflandae
1688 2445 1893 2496 pecuniae
1914 2457 1998 2484 non
2018 2445 2337 2496 reperiebatur?

109 2511 234 2560 (quae
261 2522 348 2550 non
377 2523 403 2549 a
433 2510 581 2550 Clodio
611 2511 938 2561 discriberetur).

305 2577 361 2614 ib.
386 2588 454 2625 72:
485 2578 722 2626 respirasse
740 2577 934 2614 homines
953 2578 1210 2615 videbantur
1229 2579 1413 2615 nondum
1434 2590 1501 2622 re,
1524 2579 1600 2615 sed
1620 2589 1707 2626 spe
1727 2577 1985 2626 reipublicae
2004 2579 2336 2626 recuperandae.

306 2643 349 2680 in
377 2643 462 2681 Pis.
496 2656 540 2681 2:
571 2643 807 2687 moribus,
838 2655 923 2681 non
951 2643 1227 2681 maioribus
1256 2644 1360 2681 meis
1390 2644 1582 2693 (populus
1611 2644 1815 2680 honorem
1845 2641 2094 2691 deferebat).

305 2709 361 2748 ib.
394 2722 467 2759 94:
498 2709 708 2748 neminem
737 2709 950 2748 invitus
979 2709 1236 2748 invitabis
1267 2710 1374 2759 (cum
1403 2709 1508 2748 alios
1535 2708 1697 2759 judices
1725 2708 2003 2757 habebimus).

306 2787 348 2825 p.
379 2773 492 2814 Cael.
526 2788 598 2824 31:
630 2787 724 2814 cum
753 2774 902 2813 Clodia
929 2775 1102 2813 muliere
1130 2788 1216 2814 non
1246 2776 1379 2814 solum
1408 2775 1585 2819 nobili,
1617 2775 1693 2812 sed
1722 2774 1848 2812 etiam
1878 2779 1954 2811 not
1965 2785 2002 2811 a.

307 2916 336 2953 *)
359 2919 465 2946 omnia
488 2918 550 2947 huc
575 2919 736 2955 congessi,
769 2928 833 2947 non
857 2928 920 2957 quo
944 2919 977 2947 in
1001 2919 1148 2947 omnibus
1172 2920 1297 2947 facetias
1321 2920 1423 2947 inesse
1445 2918 1598 2954 judicem,
1631 2917 1686 2945 sed
1710 2925 1764 2950 ea,
1796 2917 1827 2945 in
1851 2916 1967 2954 quibus
1991 2916 2070 2944 nihil
2097 2917 2222 2945 ridiculi
2246 2918 2339 2952 inest,

111 2967 199 2998 nolui
230 2977 404 3000 secernere.
451 2970 552 3001 Simul
583 2972 749 3011 apparebit
775 2972 953 3011 Zumptium
976 2971 1080 3010 (Verr.
1105 2972 1164 3002 IV.
1194 2973 1254 3010 ιο.)
1284 2982 1346 3001 non
1379 2975 1461 3001 recte
1493 2971 1596 3000 dicere
1628 2969 1812 3000 Ciceronem
1844 2968 1905 2999 hoc
1935 2979 2051 3009 genere
2082 2970 2183 3000 multo
2215 2971 2339 3010 parcius

111 3023 167 3058 uti,
191 3032 284 3061 quam
308 3026 407 3062 possit
431 3028 590 3064 expectari
614 3036 632 3055 a
655 3031 742 3055 tanto
766 3026 903 3056 hominis
926 3027 1079 3056 acumine.

2074 3078 2122 3110 2*
