2443 3259
38 2952 76 2965 'N

114 248 172 305 ex
201 254 345 295 verbis
373 252 624 302 intelligunt,
653 264 740 291 non
769 265 826 291 ex
855 253 1088 298 voluntate,
1119 253 1297 291 stultitia
1326 254 1533 298 irridetur,
1564 254 1636 292 ubi
1666 253 1793 292 etiam
1816 256 1861 292 61
1897 253 1932 291 si
1961 252 2056 303 quis
2085 265 2164 303 per
2193 254 2346 292 calum·

114 320 229 361 niam
256 325 448 372 quaerat,
479 331 578 356 num
606 319 742 357 fustes
772 326 845 357 aut
874 332 984 358 saxa
1012 320 1054 357 in
1084 320 1211 357 armis
1241 321 1502 357 numeranda
1531 320 1626 364 sint,
1657 321 1699 358 id
1732 332 1968 367 „armorum
1997 319 2221 357 iudicium“
2250 332 2347 358 esse

66 390 69 393 “
115 385 230 434 dicit,
259 385 435 425 Pacuvii
465 384 653 422 fabulam
682 384 941 434 significans.

311 449 461 489 Oratio
500 462 578 499 pro
619 449 803 494 Cluent.,
844 463 1087 500 quanquam
1125 450 1167 488 in
1206 463 1335 488 causa
1374 451 1512 500 magis
1551 451 1650 488 odio
1689 463 1815 500 quam
1851 452 1938 489 risu
1974 451 2104 501 digna
2134 458 2343 496 versatur,

113 519 246 558 habet
284 517 495 567 quaedam
531 516 695 562 iocosa,
735 524 783 556 ut
815 518 863 565 58
903 517 1092 567 ineptam
1127 515 1296 567 Ceparii
1334 515 1647 561 defensionem,
1688 517 1759 567 qui
1798 529 1891 555 cum
1930 517 2090 556 iudices
2128 517 2344 569 respicere

116 582 160 622 C.
191 581 376 621 Fabricii
416 587 682 619 senectutem
719 581 934 625 iussisset,
975 582 1068 631 ipse
1107 582 1339 631 respiciens
1378 582 1460 618 iam
1496 582 1540 619 C.
1572 581 1811 619 Fabricium
1848 595 1873 619 a
1907 583 2116 620 subselliis
2156 583 2343 620 demisso

114 649 256 700 capite
284 647 534 686 discessisse
564 648 681 684 videt
710 646 866 696 (Quint.
898 647 971 684 VI.
1005 660 1040 694 3.
1074 650 1137 696 39)
1168 654 1210 684 et
1239 660 1300 695 72.
1332 648 1495 696 Stajeni
1524 648 1729 685 fraudem.

310 713 358 750 In
387 726 448 750 or.
478 714 518 750 II
547 714 600 750 de
630 714 724 762 lege
753 726 892 762 agrar.
931 727 987 759 13.
1013 714 1059 749 P.
1081 713 1208 756 Rulli,
1241 726 1334 751 cum
1363 715 1399 751 is
1429 714 1690 751 tribunatum
1720 714 1892 757 adisset,
1924 721 2110 752 mutatus
2139 724 2342 763 aspectus

114 787 158 819 et
195 780 402 819 orationis
440 780 679 818 obscuritas
711 778 867 828 (Quint.
900 779 950 817 V.
991 793 1047 827 13.
1081 782 1143 827 38.
1180 787 1222 817 et
1252 779 1365 818 VIII.
1398 794 1433 827 4.
1468 782 1531 828 28)
1572 787 1615 818 et
1656 792 1704 827 53
1746 780 1932 818 eiusdem
1971 780 2217 825 insolentia,
2258 792 2342 830 qua

113 845 319 896 Pompeio
347 845 631 896 imperaturus
661 845 889 891 videretur,
920 845 1092 883 ridetur.

309 911 358 948 In
398 910 490 948 Cat.
532 910 582 948 ΙΙ.
625 924 687 948 21.
733 911 973 948 relictorum
1017 923 1043 947 a
1082 910 1262 948 Catilina
1301 912 1507 948 sodalium
1545 918 1808 961 postremum
1847 924 1982 960 genus
2022 912 2258 958 (manicatis
2298 919 2341 949 et

112 976 318 1015 talaribus
347 976 522 1020 tunicis,
553 976 657 1013 velis
686 976 850 1020 amicti,
881 989 966 1013 non
995 977 1110 1026 togis
1141 979 1235 1025 ete.)
1267 977 1530 1015 describitur.

310 1042 357 1079 P.
389 1041 496 1079 Mur.
530 1055 548 1079 2
557 1054 592 1090 5.
624 1043 769 1091 inepta
797 1042 1068 1080 formularum
1098 1050 1141 1080 et
1171 1043 1383 1081 actionum
1412 1043 1612 1081 tractatio
1640 1043 2021 1092 jureconsultorum
2050 1052 2093 1081 et
2122 1044 2342 1082 enuntiata

112 1107 321 1145 fastorum
358 1108 584 1157 mysteria,
625 1110 670 1145 61
719 1109 911 1157 asperior
950 1108 1191 1146 Stoicorum
1231 1109 1423 1146 doctrina
1467 1116 1509 1146 et
1557 1116 1792 1158 praecepta
1836 1116 1878 1146 et
1922 1110 2239 1158 paradoxorum
2280 1110 2341 1147 in·

114 1173 256 1223 eptiae
285 1173 630 1223 perstringuntur
640 1175 686 1221 *).

310 1239 356 1277 P.
397 1238 535 1277 Flacc.
577 1253 641 1287 41.
681 1239 733 1277 D.
775 1239 942 1278 Laelius
985 1246 1210 1278 accusator
1247 1240 1440 1289 arguitur
1482 1241 1665 1285 ..homini
1703 1240 1888 1290 Phrygi,
1928 1241 2000 1289 qui
2040 1242 2234 1278 arborem
2273 1240 2340 1278 fici

111 1317 326 1353 nunquam
356 1304 556 1346 vidisset,
597 1303 786 1342 fiscinam
815 1305 989 1343 ficorum
1019 1306 1253 1343 obiecisse-'⁴
1286 1312 1489 1354 tanquam
1530 1306 1650 1343 edaci
1690 1306 1876 1350 bestiae,
1917 1306 1989 1344 ubi
2028 1304 2169 1344 Schol.
2200 1306 2338 1344 Bobb.

112 1375 257 1408 notat:
309 1370 541 1420 „quasdam
590 1369 903 1409 criminationes
951 1383 1037 1409 non
1083 1370 1269 1421 pugnaci
1319 1370 1710 1420 argumentatione,
1766 1370 1842 1409 sed
1890 1370 2046 1408 festiva
2098 1371 2341 1410 urbanitate

113 1434 334 1480 dissolvi“;
378 1447 428 1484 70
466 1435 732 1485 subscriptor
771 1437 1054 1474 accusationis
1085 1437 1293 1486 Apulejus
1323 1438 1527 1481 illuditur,
1569 1437 1640 1486 qui
1679 1449 1812 1474 annos
1852 1437 1934 1473 iam
1970 1437 2147 1486 triginta
2175 1437 2216 1473 in
2245 1437 2340 1474 foro

114 1507 328 1546 versetur,
368 1502 444 1538 sed
482 1508 624 1538 tamen
663 1502 705 1538 in
734 1502 1023 1551 Pergameno,
1064 1504 1135 1551 qui
1175 1503 1267 1540 unis
1302 1503 1565 1539 vestimentis
1595 1509 1682 1539 tam
1711 1503 1781 1539 diu
1812 1503 1950 1539 lautus
1981 1502 2053 1545 sit,
2085 1502 2177 1550 qui,
2208 1509 2254 1539 ut
2282 1514 2339 1540 ex

115 1567 288 1606 Catonis
340 1575 573 1618 praecepto
616 1568 819 1617 „pedibus
858 1576 1156 1618 compensaret
1194 1569 1456 1618 pecuniam“,
1497 1569 1623 1618 longe
1661 1581 1687 1607 a
1725 1568 1867 1607 Tiberi
1907 1568 1961 1606 ad
2001 1566 2172 1606 Caicum
2209 1580 2339 1619 agros

114 1633 283 1679 emerit,
323 1634 389 1671 cui
428 1646 523 1671 cum
562 1646 762 1671 coronam
800 1646 972 1671 auream
1010 1634 1264 1684 Pergameni
1303 1634 1451 1672 litteris
1490 1634 1788 1684 imponebant,
1828 1647 1912 1671 non
1951 1633 2045 1683 plus
2084 1633 2174 1671 auri
2212 1646 2339 1684 quam

113 1698 363 1736 monedulae
401 1699 741 1742 committebant;
783 1701 831 1746 65
874 1699 1056 1748 denique
1094 1699 1275 1737 Asiatici
1314 1706 1447 1737 testes
1482 1700 1720 1737 irridentur.
1778 1699 1921 1736 Alium
1950 1700 1991 1736 in
2021 1700 2170 1736 eadem
2198 1698 2340 1737 Flacci

114 1776 243 1802 causa
271 1765 411 1803 iocum
441 1766 686 1803 Macrobius
715 1765 766 1803 II.
805 1778 834 1803 1.
874 1778 930 1813 13.
962 1773 1276 1810 commemorat,
1307 1778 1434 1815 quem
1462 1773 1605 1803 tamen
1635 1765 1677 1803 in
1707 1765 1901 1803 oratione
1930 1777 2015 1802 non
2044 1770 2193 1802 extare
2223 1764 2337 1802 dicit.

309 1830 515 1879 Magnam
535 1831 756 1868 cavillandi
776 1831 995 1868 materiam
1017 1829 1210 1868 Ciceroni
1236 1831 1277 1868 in
1304 1831 1581 1880 sequentibus
1611 1830 1874 1868 orationibus
1905 1841 1945 1878 p.
1975 1830 2109 1873 redit„
2139 1841 2180 1878 p.
2212 1828 2337 1874 Sest.,

114 1901 268 1944 postea
295 1895 336 1933 in
367 1895 452 1933 Pis.
483 1896 612 1934 Piso
643 1902 696 1934 et
726 1895 760 1934 G
778 1896 1000 1934 abinius
1029 1898 1339 1946 praebuerunt,
1371 1897 1525 1946 quibus
1555 1896 1797 1934 consulibus
1837 1908 1884 1933 se
1922 1907 1978 1933 ex
2015 1896 2119 1933 urbe
2158 1895 2339 1934 eiectum

112 1960 432 2011 indignabatur,
473 1974 581 2011 quos
620 1975 660 2012 p.
702 1961 813 2001 Sest.
862 1965 919 2001 18.
960 1968 1003 2000 et
1041 1962 1083 2000 in
1122 1962 1206 2001 Pis.
1240 1975 1301 2001 22.
1334 1962 1559 2007 describit,
1605 1959 1831 2000 Gabinium
1874 1960 2160 1999 calamistrata
2203 1972 2338 2006 coma,

113 2026 273 2076 puteali
308 2032 352 2064 et
384 2026 700 2065 faeneratorum
729 2029 935 2078 gregibus
955 2027 1145 2065 inflatum
1176 2034 1269 2072 etc„
1301 2028 1500 2065 Pisonem
1530 2027 1761 2064 terribilem
1790 2033 1978 2075 aspectu,
2010 2026 2211 2063 vestitum
2239 2038 2340 2075 pur·

113 2103 220 2141 pura
248 2093 416 2141 plebeia
446 2105 496 2130 ac
525 2106 662 2143 paene
691 2094 823 2138 fusca,
856 2094 1006 2143 capillo
1032 2095 1092 2131 ita
1117 2095 1302 2137 horrido,
1334 2100 1379 2130 ut
1400 2093 1549 2142 Capua
1568 2115 1621 2119 —-
1642 2092 1877 2141 Seplasiam
1904 2093 2145 2130 sublaturus
2174 2092 2340 2129 videre·

113 2163 193 2195 tur.
251 2157 441 2196 Maxime
462 2166 604 2197 autem
624 2160 791 2197 Pisonis
822 2160 1101 2209 supercilium,
1133 2160 1247 2208 quod
1275 2159 1342 2197 ille
1371 2158 1544 2196 mirifice
1573 2158 1758 2196 movisse
1787 2164 1830 2195 et
1858 2156 2039 2195 frontem
2070 2158 2340 2196 contraxisse

114 2221 301 2267 videtur,
332 2223 486 2269 illudit,
517 2237 602 2263 non
632 2225 765 2263 solum
800 2238 839 2275 p.
872 2225 1005 2270 Sest.,
1047 2238 1175 2274 quum
1205 2237 1256 2262 eo
1287 2224 1510 2274 supercilio
1541 2230 1742 2273 tanquam
1773 2223 1882 2260 vade
1911 2235 2066 2260 annum
2095 2222 2172 2261 niti
2202 2223 2340 2261 visum

114 2299 209 2325 esse
239 2288 361 2333 dicit,
391 2291 469 2327 sed
498 2291 625 2328 etiam
655 2291 696 2328 in
727 2291 811 2328 Pis.
851 2305 880 2328 1.
915 2304 976 2329 20.
1011 2304 1073 2339 70.
1104 2291 1293 2340 inprimis
1332 2304 1398 2336 14:
1443 2290 1751 2339 interrogatum
1791 2288 1891 2337 quid
1930 2288 2109 2326 sentiret
2147 2289 2201 2326 de
2240 2300 2340 2327 con-

113 2353 251 2392 sulatu
281 2354 508 2401 Ciceronis,
540 2369 635 2395 eum
664 2357 938 2407 respondisse
971 2358 1128 2402 ..altero
1159 2357 1213 2394 ad
1243 2356 1426 2394 frontem
1457 2356 1637 2400 sublato,
1668 2355 1801 2393 altero
1832 2354 1886 2391 ad
1915 2360 2102 2391 mentum
2131 2354 2340 2405 depresso

113 2419 377 2468 supercilio&
436 2420 588 2459 Colore
626 2428 769 2459 autem
806 2421 926 2459 fusco
967 2423 1146 2460 eundem
1184 2422 1315 2459 fuisse
1354 2421 1577 2471 probabile
1617 2428 1703 2464 est,
1754 2421 1866 2468 quod
1913 2420 1992 2465 „ad
2030 2420 2217 2457 honores
2264 2421 2340 2457 ob·

113 2484 247 2532 repsit
276 2488 644 2525 commendatione
673 2487 932 2526 fumosarum
963 2488 1205 2537 imaginum,
1237 2500 1414 2536 quarum
1436 2487 1567 2524 simile
1588 2487 1776 2523 habebat
1802 2485 1902 2522 nihil
1921 2492 2094 2534 praeter
2113 2485 2338 2524 colorem“.

114 2547 278 2598 Quibus
308 2553 450 2590 verbis
480 2559 705 2603 praeterea
734 2554 774 2591 in
804 2555 1002 2592 Pisonem
1033 2560 1163 2603 atque
1194 2552 1421 2591 Gabinium
1452 2553 1643 2590 invectus
1680 2559 1765 2595 est,
1806 2563 1857 2588 ea
1885 2550 1927 2588 in
1957 2550 2171 2596 convicio,
2211 2563 2340 2600 quam

113 2613 155 2651 in
190 2615 348 2654 salibus
382 2631 604 2657 numerare
640 2619 800 2663 malim;
840 2619 996 2657 festiva
1035 2626 1178 2657 autem
1216 2626 1314 2657 sunt
1353 2619 1587 2669 sapientiae
1622 2617 1858 2667 Epicureae
1896 2622 2142 2667 praecepta,
2183 2617 2340 2666 quibus

112 2678 212 2718 Piso
240 2693 402 2731 genero
432 2696 510 2722 suo
541 2683 713 2723 Caesari
743 2685 1019 2735 cupiditatem
1049 2685 1250 2735 triumphi
1291 2684 1566 2735 comprimere
1603 2696 1653 2721 ac
1690 2683 1956 2732 restinguere
1994 2683 2165 2721 iubetur
2204 2695 2254 2731 59
2296 2690 2340 2722 et

112 2747 300 2784 narratio
330 2750 491 2787 reditus
522 2763 579 2788 ex
608 2752 827 2801 provincia
860 2764 922 2799 55.
955 2754 1018 2789 61.

310 2812 396 2851 Sed
443 2816 572 2854 redeo
620 2817 674 2853 ad
724 2815 985 2861 Sestianam,
1025 2817 1067 2855 in
1106 2830 1190 2866 qua
1229 2823 1392 2861 narrat,
1433 2815 1786 2864 quemadmodum
1826 2812 1876 2863 Q.
1917 2813 2142 2852 Numerius
2182 2813 2339 2860 Rufus,

112 2875 311 2916 mulionia
348 2880 530 2930 paenula
568 2887 761 2931 arrepta,
792 2882 998 2921 messoria
1037 2884 1167 2921 corbe
1205 2887 1446 2926 contectus,
1482 2880 1638 2931 gemini
1674 2879 1853 2917 nominis
1883 2891 2027 2917 errore
2057 2887 2255 2918 servatus
2285 2880 2340 2918 sit

306 3020 335 3058 *)
359 3021 431 3059 Quo
455 3024 564 3052 audito
589 3026 633 3053 M.
660 3025 791 3053 Porcius
816 3026 894 3053 Cato
919 3026 1033 3053 dixisse
1059 3025 1170 3053 fertur:
1197 3034 1288 3062 quarn
1314 3023 1478 3052 ridiculum
1503 3023 1655 3051 habemus
1680 3022 1852 3052 consulem.
